2962 4852
410 803 733 899 SENTENTIAE
766 804 1167 900 CONTROVERSAE

243 1067 260 1130 I
283 1067 464 1132 Herodotus
487 1067 611 1153 seripsit

297 1177 328 1258 a)
352 1174 443 1238 1115
468 1178 502 1239 5:
535 1171 594 1237 ἀπὸ
622 1170 802 1256 (Καδίτιος)
826 1175 863 1236 τὰ
887 1171 1017 1258 ἐμπόρια
1044 1176 1081 1237 τά
1107 1173 1164 1239 ἐπὶ
1194 1177 1377 1263 θαλάσση

199 1286 291 1367 μέχρι
315 1278 450 1367 Ἰηνὺσου
474 1281 580 1353 πόλιάς
604 1278 667 1344 έστι
689 1288 740 1343 τοῦ
763 1277 925 1364 Ἀραβίου.

360 1386 410 1452 έπὶ
433 1389 599 1474 θαλάσσης
623 1387 693 1467 PR,
718 1384 777 1450 ἀπὸ
800 1388 967 1473 θαλάσσης
990 1390 1084 1453 ooteri
1109 1389 1239 1455 oodioes.

298 1496 332 1578 b)
355 1495 403 1559 vl
431 1499 492 1560 113
506 1482 551 1561 ¹9:
578 1497 719 1584 ρευγουοι
744 1494 776 1558 δέ
800 1504 876 1558 τοῖσι
899 1491 1035 1580 Πέρσησι
1059 1493 1175 1561 εἵποντο
1197 1501 1375 1574 κόπτοντες,

198 1600 230 1676 ἐς
252 1603 268 1666 ὃ
290 1601 348 1667 έπὶ
361 1606 413 1689 τὴν
435 1604 600 1666 θάλασσαν
618 1599 793 1686 ἀπικόμενοι
811 1610 868 1686 πῦρ
887 1625 919 1666 τε
937 1600 1034 1667 α’ίτεον
1052 1606 1106 1667 καί
1126 1602 1376 1690 ἐπελαμβάνοντο

197 1720 253 1775 τῶν
276 1720 357 1775 νεῶν.
411 1708 459 1774 ἐπὶ
483 1733 507 1773 τ.
531 1712 565 1773 θ.
591 1710 678 1792 Plu,
703 1706 736 1782 ἐς
759 1731 784 1771 τ.
808 1710 842 1771 θ.
868 1711 973 1773 ueteri.

295 1821 323 1900 ο)
347 1816 396 1880 IX
426 1821 464 1881 51
492 1819 525 1881 4:
555 1814 574 1904 ἡ
600 1817 632 1879 δέ
663 1818 780 1903 (νῆσος)
804 1813 866 1879 ἐστι
895 1813 955 1880 ἀπὸ
983 1825 1033 1881 τοῦ
1064 1816 1206 1883 Ἀσωποῦ
1233 1822 1286 1883 καὶ
1315 1831 1374 1907 της

197 1928 310 2010 κρηνης
338 1933 391 2011 της
420 1920 607 2011 Γαργαφίης,
637 1933 681 2006 τη
705 1920 991 2006 έστρατοπεδεὺοντο
1019 1929 1093 2000 τότε,
1126 1923 1202 1988 δέκα
1230 1924 1375 1998 σταδίους

198 2027 365 2116 ἀπέχουσα.
414 2027 493 2116 ἐπῆ
517 2030 556 2104 li,
580 2027 612 2101 ές
635 2033 687 2116 τὴν
711 2052 737 2111 z,
762 2027 808 2092 ἐπ’
833 2029 869 2116 ἣν
893 2032 998 2096 ceteri.

243 2138 277 2200 H
301 2140 332 2219 a)
355 2136 452 2222 Apud
483 2136 671 2222 Dionysium
691 2135 1002 2201 Halicarnassensom
1026 2139 1058 2201 iu
1081 2139 1192 2203 ultima
1213 2143 1372 2207 sententia

196 2244 435 2331 comparationis
458 2244 498 2308 (1ο
514 2243 677 2309 Herodoto
701 2250 732 2308 et
748 2243 933 2329 Thucydide
954 2244 1115 2309 institutae
1138 2247 1206 2329 (τῶν
1231 2243 1371 2333 ἀρχαίων

196 2347 296 2434 κρίσις
312 2372 337 2415 ο.
357 2353 376 2414 3
398 2380 430 2388 -
446 2350 477 2413 V
485 2372 538 2437 pg.
558 2352 622 2415 425
642 2350 765 2432 Reisk.)
782 2371 838 2435 pro
856 2352 904 2415 τὸν
921 2354 1027 2433 τρόπον
1048 2351 1248 2418 scribendum
1266 2362 1313 2418 est
1337 2359 1371 2420 τὸ

195 2463 315 2543 πρέπον.

251 2568 255 2573 ’
295 2566 329 2648 b)
353 2567 385 2629 in
413 2564 554 2630 eiusdem
577 2565 734 2650 scriptoris
758 2571 892 2629 tractatu
916 2569 984 2648 περὶ
1014 2576 1067 2653 της
1096 2567 1239 2654 λεκτικῆς
1266 2563 1369 2653 ΔηριοΙ

196 2675 326 2746 σθένους
347 2672 515 2758 δεινότητος
538 2692 564 2735 o.
588 2674 626 2735 18
641 2671 703 2753 (VI
720 2693 772 2757 pg.
794 2675 876 2738 1006
901 2672 1025 2755 Iteisk.)
1050 2674 1121 2759 lege
1142 2676 1312 2758 καθαρευει
1336 2673 1369 2761 (η

195 2789 245 2844 τοῦ
277 2777 468 2863 Ἰσοκράτους
498 2777 602 2860 λέξις),
627 2774 658 2840 εί
684 2800 728 2851 τις
753 2776 844 2864 άλλη,
869 2789 931 2853 τοῖς
955 2777 1112 2865 ὀνόμασι
1135 2782 1200 2844 κτλ.
1238 2786 1369 2869 νοηρασι

195 2887 339 2951 editores.

240 2991 292 3055 ΠΙ
316 2991 517 3058 ututur
539 2994 603 3056 273
626 2992 940 3078 49zDittenborger
964 2996 1034 3081 syll.
1060 2997 1101 3060 29
1125 3017 1182 3082 pro
1206 2996 1221 3060 ὃ
1251 2993 1368 3076 ἐγένετο

194 3097 429 3183 Dittenborgeri
453 3098 635 3185 ponendum
658 3106 705 3164 est
729 3098 909 3173 Ἀθεναίας.

244 3204 292 3267 IV
315 3204 353 3269 In
371 3204 456 3272 Mon.
474 3205 591 3292 Aneyr.
609 3206 664 3270 Gr.
693 3209 732 3271 13
757 3210 776 3271 6
800 3209 1012 3295 supplendum
1037 3215 1096 3274 est:
1123 3211 1160 3272 τά
1185 3207 1367 3294 ἀναθέρατα

194 3309 436 3398 άποκατέστησα,
466 3311 499 3399 [ἃ
521 3312 586 3398 ἰδίορ
613 3311 736 3401 emper]
761 3312 962 3402 ἱεροσυλήσας
984 3313 1000 3380 ὁ
1019 3367 1026 3382 .
1043 3364 1049 3378 .
1066 3367 1073 3381 .
1090 3317 1245 3401 πολέμιος.
1276 3316 1365 3381 noni.

193 3421 381 3487 Mommseni
401 3444 513 3486 comm.
536 3423 576 3486 ad
596 3422 627 3487 h.
650 3423 671 3485 l.

237 3527 267 3591 V
292 3528 384 3594 Ovio.
407 3528 526 3593 heroid.
549 3528 626 3592 XX.
653 3552 682 3594 ν.
710 3532 770 3594 168
795 3535 917 3616 pugnat
937 3550 1009 3592 oum
1031 3552 1081 3593 vv.
1110 3510 1244 3614 137sqq.
1270 3528 1365 3611 (conf.

196 3637 336 3721 133sq.),
360 3659 390 3701 v.
414 3637 478 3701 232
503 3657 574 3699 eum
598 3658 647 3701 vv.
676 3639 800 3721 lonso,
830 3639 976 3721 115sqq.,
1004 3640 1076 3701 189.

237 3740 285 3804 VI
308 3741 428 3806 Auctor
455 3741 532 3806 belli
563 3741 782 3828 Hispaniensis
807 3765 880 3808 oum
908 3743 1037 3809 Antistii
1067 3742 1235 3829 Turpionis
1264 3748 1295 3805 et
1326 3741 1365 3815 Q.

193 3845 327 3934 Pompei
343 3848 435 3933 Nigri
460 3869 661 3932 congressum
678 3849 870 3915 describeret
893 3851 932 3933 (ο.
950 3852 1015 3933 25),
1033 3855 1106 3914 anto
1124 3849 1229 3913 oeulos
1252 3849 1368 3913 habuit

191 3952 383 4041 Aethiopido
415 3955 544 4019 fortasse
576 3955 716 4021 eiusdem
745 3964 858 4042 poetae
888 3977 982 4042 quem
1015 3957 1141 4040 stringit
1164 3954 1317 4019 Horatius
1341 3977 1365 4020 s.

192 4058 209 4121 I
237 4062 276 4124 10
301 4064 353 4125 36.
529 4054 530 4058 ’

672 4205 885 4213 ——u
