2962 4852
752 360 791 423 14

189 561 221 618 61
243 555 395 639 neglectis
411 575 559 619 versuum
581 553 696 618 finibus
721 561 844 619 tantum
867 576 924 640 per
946 557 1109 620 enuntiata
1126 556 1363 623 collocationem

189 660 357 725 verborum
381 662 597 725 examinemus
621 682 661 724 an
684 661 804 723 omissis
821 662 989 725 enuntiatis
1005 662 1238 746 inquisitionem
1266 665 1362 729 habe·

190 789 280 831 amus
296 788 337 830 ex
353 767 473 831 ratione
489 769 659 830 versuum?
683 767 882 852 exploratum
899 767 975 830 mihi
993 768 1118 832 videtur
1133 770 1216 834 hunc
1233 772 1362 836 modum

189 895 258 938 esse
273 874 442 957 veriorem3
464 895 538 937 nam
561 874 587 937 si
603 873 694 936 illurn
725 874 1004 959 amplecteremur,
1029 896 1137 940 versus
1161 878 1271 961 quales
1288 886 1363 943 sunt

189 980 259 1044 Iuv.
288 982 326 1044 12
352 982 393 1044 64
401 1002 447 1065 sq.
488 983 614 1045 Parcae
643 982 781 1044 meliora
813 982 955 1064 benigna
978 984 1086 1046 Pensa
1117 1004 1214 1046 marm
1244 986 1365 1050 ducunt

190 1091 264 1151 616
290 1090 352 1151 636
378 1088 509 1170 grande
531 1089 700 1167 Sophocleo
729 1109 855 1151 carmen
886 1081 1074 1151 bacchamur
1102 1089 1205 1173 iiiam,
1233 1094 1272 1156 10
1299 1096 1361 1157 188

189 1193 245 1271 (da
275 1195 413 1274 spatium
446 1196 553 1277 vitaa)
590 1196 704 1257 multos
735 1195 777 1257 da
803 1195 950 1275 Iuppiter
979 1216 1081 1259 orarios
1111 1202 1142 1260 et
1179 1201 1193 1261 1
1224 1201 1361 1283 lblsqq.

190 1301 273 1362 urzde
296 1301 359 1363 illa
384 1302 535 1381 priorum
556 1302 727 1366 Scribena'i
749 1302 960 1383 quodcumqae
979 1303 1087 1364 arrimo
1102 1304 1273 1386 flagrante
1287 1305 1363 1368 libe-

191 1422 242 1471 ret
266 1409 485 1488 Simplicitas?
520 1429 611 1494 pares
646 1414 677 1472 et
708 1408 824 1471 similes
859 1408 1032 1472 diceremus
1055 1409 1095 1473 ad
1126 1411 1363 1474 collocationem

172 1513 455 1577 ¹substantivorum
479 1521 510 1578 et
540 1513 776 1578 adiectivorum.
824 1521 856 1578 at
888 1514 956 1599 quis
990 1520 1038 1578 est
1070 1516 1122 1600 qui
1156 1538 1217 1580 non
1249 1517 1364 1581 sentiat

190 1619 310 1705 aliquid
326 1620 474 1684 interesse
495 1627 600 1685 utrum
619 1621 681 1684 fine
701 1642 810 1684 versus
829 1628 923 1707 poeta
940 1621 1095 1685 adiectiva
1118 1643 1137 1685 6
1159 1620 1362 1686 substantivis

190 1727 321 1791 divellat
336 1748 377 1790 an
393 1749 455 1790 uno
471 1728 528 1791 1116
543 1749 636 1799 versu
652 1727 812 1791 includat?
837 1749 856 1791 a
871 1749 963 1790 versu
976 1728 1073 1812 igitur
1089 1727 1121 1790 in
1137 1729 1362 1813 perscrutando

191 1833 358 1897 verborum
382 1833 489 1897 ordine
513 1834 699 1919 proficiscar.

194 2017 196 2021 Ι
297 1940 360 2003 iam
384 1938 465 2013 duae
495 1945 604 2024 patent
627 1938 707 2020 viae,
736 1940 836 2002 altera
866 1938 943 2002 haec
966 1944 1002 2002 ut
1025 1938 1193 2002 verborum
1223 1941 1360 2026 positum

191 2046 346 2130 indagans
375 2067 431 2132 per
461 2046 601 2130 singulos
632 2067 740 2109 versus
770 2045 921 2130 neglegas
945 2045 1059 2130 quibus
1089 2068 1198 2110 versus
1228 2047 1362 2134 pedibus

191 2152 345 2217 vocabula
367 2153 584 2237 inveniantur3
609 2153 709 2216 altera
732 2158 767 2215 ut
789 2153 856 2216 sola
879 2152 1064 2238 respiciatur
1087 2153 1179 2217 metri
1202 2155 1282 2218 ratio
1305 2177 1360 2242 pc·

191 2260 339 2345 dumque.
386 2261 474 2324 illam
506 2261 590 2324 viam
622 2260 675 2344 qui
707 2259 811 2323 adhuc
844 2258 883 2322 de
916 2279 950 2322 16
981 2265 1087 2323 nostra
1109 2259 1360 2345 disputaverunt,

190 2367 328 2432 inierunt
351 2389 468 2450 omnes,
495 2369 574 2430 hanc
598 2388 638 2430 ex
662 2366 815 2429 industria
838 2386 931 2429 nemo
946 2368 977 2448 1).
1025 2366 1079 2430 sed
1110 2373 1223 2430 neutra
1250 2389 1307 2454 per
1329 2390 1363 2433 se

193 2475 276 2537 omni
309 2474 401 2537 modo
434 2474 557 2538 sufficit.
604 2494 678 2536 nam
707 2473 733 2535 si
763 2472 795 2535 id
825 2478 949 2536 tantum
983 2493 1128 2536 curamus
1159 2494 1237 2557 quos
1267 2474 1363 2561 pedes

193 2580 292 2644 verba
314 2587 452 2663 teneant,
476 2580 570 2666 plane
595 2580 800 2644 obscurantur
818 2581 896 2644 varii
920 2580 966 2643 illi
989 2578 1256 2645 substantivorum
1279 2582 1363 2646 udie-

191 2689 406 2773 ctivorumque
430 2710 531 2751 nexus
554 2709 633 2772 quos
664 2688 753 2751 multi
777 2687 851 2750 satis
875 2686 986 2771 dignos
1018 2694 1210 2773 putaverunt
1225 2690 1279 2773 qui
1302 2690 1362 2776 ipsi

191 2801 412 2880 tractarentur3
437 2795 581 2879 neglecta
598 2801 703 2858 autem
719 2794 838 2857 ratione
860 2794 954 2857 rnetri
977 2795 1177 2859 manifestum
1193 2803 1240 2860 est
1255 2797 1361 2860 incho-

191 2902 236 2965 avi
261 2893 556 2986 quaestionem'ncc
579 2922 653 2965 vero
677 2900 808 2964 absolvi.
834 2901 929 2963 immo
953 2906 988 2963 ut
1012 2907 1109 2964 totam
1135 2909 1230 2987 atque
1255 2925 1363 2967 veram

191 3010 391 3073 enucleemus
406 3008 446 3073 de
463 3031 525 3094 qua
541 3010 645 3094 agitur
661 3008 918 3071 consuetudinem
934 3014 1108 3093 poetarum,
1133 3009 1236 3073 elucet
1252 3017 1283 3072 et
1302 3010 1361 3074 hoc

192 3122 223 3180 ct
246 3116 325 3180 illud
356 3117 526 3201 quaerendi
555 3138 655 3201 genus
686 3115 916 3178 admittendum
941 3135 1019 3177 esse.
1066 3115 1159 3179 ambo
1189 3116 1285 3200 igitur
1309 3116 1363 3180 ad·

192 3223 262 3285 misi
285 3223 385 3307 iisque
409 3224 494 3287 volui
518 3230 655 3287 nostram
678 3222 972 3286 commentationem
997 3223 1157 3286 contineri.

299 3331 403 3394 omnis
436 3352 516 3416 quae
549 3330 703 3394 debebam
737 3329 896 3416 praefatus
930 3330 969 3393 ad
1003 3351 1070 3393 1616
1104 3330 1205 3415 ipsam
1237 3330 1362 3395 accedo.

192 3458 286 3520 quam
319 3439 364 3502 ita
396 3459 489 3522 agam
522 3445 557 3503 ut
585 3438 769 3523 priusquam
802 3437 841 3500 de
873 3437 1006 3521 singulis
1038 3436 1210 3521 disputem,
1240 3437 1363 3500 duobus

192 3545 346 3629 capitibus
377 3552 477 3609 totum
510 3545 592 3607 hunc
622 3564 795 3607 sermonem
829 3544 929 3628 qualis
960 3551 1111 3629 appareat
1142 3543 1225 3630 apud
1254 3551 1363 3630 poetas

244 3845 272 3913 1)
292 3845 443 3913 tetigerunt
467 3858 522 3899 rem
541 3844 622 3898 Kiaer
645 3843 674 3912 (l.
693 3861 728 3898 m.
747 3858 791 3914 pg.
808 3845 843 3897 34
851 3844 903 3913 sq.)
923 3843 1029 3898 Birtius
1048 3842 1093 3911 (ad
1116 3842 1260 3896 historiam
1284 3843 1363 3898 hena

192 3935 272 3988 metri
291 3935 384 3989 Latini
403 3934 532 4005 symbola.
566 3934 676 3987 Bouuae
695 3934 765 3987 1876
784 3948 828 4003 pg.
846 3935 881 3986 50
888 3934 939 4002 sq.)
958 3932 1086 3987 Boldtius
1106 3931 1135 3999 (l.
1148 3948 1183 3986 m.
1202 3946 1246 4000 pg.
1261 3933 1362 4002 7966.)

193 4029 310 4079 ceterum
328 4023 384 4077 vim
403 4039 526 4077 caesurae
551 4022 581 4076 in
604 4020 694 4075 verbis
719 4020 884 4075 collocandis
904 4037 995 4075 omnes
1014 4021 1069 4074 nisi
1087 4019 1170 4074 fallor
1182 4024 1366 4090 respexerunt

194 4113 242 4183 661
267 4112 298 4166 de
324 4112 471 4167 artificiosa
495 4111 672 4168 collocatione
697 4110 824 4166 binorum
850 4110 1086 4168 substantivorum
1112 4114 1140 4166 et
1165 4110 1363 4167 attributorum

193 4206 313 4270 egerunt.
