2962 4852
795 341 814 412 b

194 567 228 610 re
246 568 327 632 quae
342 548 584 633 disputaverunt
601 565 792 629 quamquam
809 545 937 609 minime
953 552 1026 610 sunt
1050 546 1173 610 inutilia
1197 553 1252 611 aut
1275 548 1364 633 parvi

194 656 355 737 momenti,
386 661 491 718 tamen
514 659 638 717 tantum
662 652 752 716 abest
774 659 810 717 ut
833 652 872 716 ad
897 659 997 717 totum
1021 653 1144 717 dicendi
1169 674 1267 737 genus
1291 675 1364 717 vere

195 761 445 845 cognoscendum
478 760 592 823 idonea
623 760 685 823 sint
724 767 759 824 ut
790 781 831 823 ne
862 759 1042 824 liberiorem
1071 760 1198 845 quidem
1231 759 1270 824 de
1303 782 1364 845 quo

195 875 294 951 agunt
318 867 441 931 dicendi
465 888 557 929 usum
580 866 724 930 omnibus
747 868 885 930 numeris
910 867 1091 932 absolvant:
1124 867 1208 951 quod
1232 874 1365 952 apparet

195 974 263 1037 fieri
286 995 347 1038 non
372 992 467 1060 posse·
482 973 546 1036 ¹nisi
569 974 662 1036 totius
687 973 732 1037 rei
752 958 799 1038 *et'
811 980 953 1039 extrema
976 974 1174 1061 persequaris
1193 980 1287 1058 atque
1312 994 1365 1036 ex-

195 1080 304 1166 planes
329 1087 361 1144 et
383 1086 488 1166 partes
513 1068 622 1143 omnes
643 1080 724 1143 inter
747 1100 780 1143 se
804 1098 971 1166 componas
995 1102 1229 1167 comparesque.
1259 1082 1365 1165 itaque

196 1208 246 1250 me
276 1208 338 1250 non
361 1194 437 1273 puto
467 1186 693 1273 reprehensum
716 1187 754 1249 iri
785 1187 838 1271 qui
870 1187 960 1250 illurn
993 1195 1158 1273 poetarum
1181 1188 1365 1251 Latinorum

195 1314 370 1359 sermonem
403 1295 435 1356 in
460 1315 569 1357 earum
599 1314 704 1357 rerum
734 1315 865 1358 numero
895 1295 1031 1358 habeam
1062 1295 1101 1358 de
1127 1295 1241 1380 quibus
1271 1296 1366 1359 etiarn

196 1421 278 1464 nunc
303 1400 518 1485 quaerendum
542 1401 590 1464 sit.

304 1527 384 1591 quae
415 1528 487 1570 cum
517 1509 562 1573 ita
591 1509 652 1572 sint
677 1529 810 1593 eumque
844 1529 935 1573 nemo
966 1509 1024 1572 nisi
1052 1509 1165 1595 hospes
1195 1510 1260 1572 sive
1294 1531 1366 1595 poe·
1395 1510 1398 1515 ’

196 1621 299 1678 tarum
320 1613 504 1677 Latinorum
523 1617 588 1679 sive
613 1615 644 1678 in
669 1615 762 1679 rebus
787 1616 998 1699 grammaticis
1022 1638 1085 1679 rem
1104 1624 1199 1701 neget
1223 1617 1366 1700 dignissi-

196 1741 281 1784 mam
304 1741 371 1783 esse
388 1720 598 1806 disputatione
621 1721 654 1784 in
671 1742 794 1784 ornnem
811 1728 934 1806 partem
950 1720 1074 1804 diffusa,
1097 1724 1237 1785 animum
1253 1724 1366 1785 induxi

196 1829 228 1891 in
244 1834 408 1914 poetarum
427 1827 612 1892 Latinorum
628 1850 721 1891 usum
738 1849 774 1891 ac
789 1828 941 1891 rationem
958 1828 1143 1892 substantivi
1160 1829 1365 1913 attributique

196 1935 368 1999 collocandi
400 1937 525 2021 penitus
563 1935 721 2019 inquirere
754 1956 854 2019 eaque
887 1934 979 2020 plene
1012 1956 1179 2021 exponere.
1216 1936 1271 1998 ssd
1304 1958 1366 1998 non

195 2043 288 2104 unius
321 2050 368 2106 est
397 2048 505 2127 poetas
538 2063 644 2106 omnes
678 2048 829 2124 tractare,
863 2043 958 2105 immo
988 2044 1062 2105 satis
1094 2043 1217 2127 exiguis
1248 2043 1366 2106 finibus

196 2171 309 2212 munus
338 2149 478 2236 amplum
510 2148 767 2212 circumdandum
795 2156 850 2212 est.
898 2150 930 2212 in
954 2149 1107 2234 eligendis
1138 2156 1243 2212 autern
1267 2151 1366 2235 poetis

196 2278 253 2341 par
276 2278 343 2320 esse
360 2264 436 2343 puto
468 2263 577 2343 poetas
608 2257 750 2320 diversae
775 2247 884 2320 aetatis
908 2257 988 2319 sumi
1014 2277 1075 2340 quo
1107 2255 1239 2319 facultas
1274 2256 1365 2321 detur

196 2362 382 2448 explorandi
411 2370 517 2427 utrum
541 2363 609 2425 aliis
641 2363 833 2447 temporibus
865 2363 925 2424 alia
955 2362 1049 2424 fuerit
1077 2363 1288 2424 collocationis
1313 2364 1365 2425 via

199 2490 234 2532 ao
258 2470 339 2539 ratio,
365 2491 473 2534 neone.
500 2471 613 2535 deinde
643 2470 780 2532 maxime
804 2489 899 2553 opera
923 2468 1028 2530 danda
1052 2490 1118 2532 esse
1142 2470 1218 2531 mibi
1243 2470 1366 2532 videtur

197 2598 237 2640 ne
266 2576 477 2661 disputatione
506 2578 720 2641 consocientur
749 2576 808 2637 nisi
839 2575 980 2639 eiusdem
1004 2576 1127 2658 generis
1157 2583 1279 2661 poetae,
1312 2591 1367 2639 aut

197 2684 277 2768 epici
309 2690 363 2747 aut
394 2684 556 2748 dramatici
589 2690 643 2746 aut
673 2683 771 2768 lyrici,
805 2702 926 2744 summa
949 2682 1033 2744 enim
1057 2682 1112 2744 illa
1136 2683 1188 2744 lex
1221 2704 1301 2766 quae
1334 2684 1366 2745 in

197 2788 290 2853 rebus
315 2792 526 2872 grammaticis
550 2791 667 2875 ubique
691 2790 886 2852 severissime
903 2789 1062 2872 segregari
1087 2788 1176 2851 iubet
1191 2810 1367 2851 sermonem

197 2904 309 2982 poetae
338 2898 418 2981 epici
443 2919 461 2960 a
485 2898 654 2962 dramatico
678 2897 851 2982 lyrieoque,
880 2917 941 2958 non
966 2896 1094 2980 impune
1124 2896 1312 2980 neglegetur
1335 2898 1366 2958 in

197 3003 365 3066 verborum
394 3004 502 3068 ordine
534 3006 573 3069 ad
605 3026 698 3088 quern
723 3010 754 3067 et
784 3025 833 3066 res
857 3009 889 3066 et
918 3002 1040 3065 numeri
1069 3003 1206 3066 maxime
1231 3003 1365 3067 valeant.

196 3111 334 3185 satiricos
364 3111 461 3194 igitur
493 3119 600 3196 poetas
629 3111 786 3173 Lucilium
811 3109 979 3173 Horatium
1012 3108 1157 3171 Persium
1181 3109 1367 3172 Iuvenalem

196 3216 373 3280 tractandos
398 3217 474 3279 mihi
503 3239 642 3304 propono
665 3218 697 3279 in
729 3217 842 3300 quibus
870 3217 932 3278 iam
966 3215 1084 3278 diutius
1114 3222 1256 3280 versatus
1287 3238 1365 3278 sum.

196 3323 252 3387 sed
273 3323 305 3391 iu
321 3345 419 3408 parva
435 3332 522 3408 parte
539 3326 654 3388 satirici
675 3330 786 3409 poetae
808 3324 889 3386 inter
911 3343 944 3384 se
960 3322 1067 3384 metris
1085 3322 1270 3407 discrepant.
1306 3343 1368 3404 qua

196 3451 230 3493 re
251 3451 290 3493 ne
314 3430 498 3493 misceamus
519 3437 613 3515 atque
637 3430 799 3494 turbemus
817 3450 897 3513 quae
922 3428 1144 3511 distinguenda
1167 3435 1248 3510 sunt,
1274 3450 1367 3512 quae·

196 3560 264 3602 ram
289 3538 327 3601 de
356 3538 392 3600 iis
417 3544 571 3622 quatenus
588 3538 699 3601 eodem
722 3543 821 3600 metro
846 3542 985 3617 utuntur,
1002 3534 1116 3597 Lucilii
1133 3541 1237 3599 autem
1261 3556 1367 3599 versus

197 3646 344 3709 scaenicis
355 3647 492 3708 numeris
503 3666 666 3730 expressos
677 3652 708 3708 et
718 3644 818 3708 Persii
829 3643 994 3728 prologum
1005 3643 1148 3706 omittam
1157 3645 1188 3724 1).
1203 3649 1367 3727 praeterea

198 3751 291 3818 Ennii
307 3753 506 3816 hexametros
520 3791 560 3799 —
578 3752 618 3816 ad
635 3773 743 3817 versus
760 3751 828 3815 aliis
852 3750 959 3813 metris
975 3750 1160 3834 compositos
1183 3747 1267 3811 idem
1284 3748 1368 3810 valet

250 4016 278 4085 1)
298 4016 462 4086 comparatio
477 4020 509 4069 ut
522 4014 695 4082 instituatur,
712 4014 742 4067 in
752 4013 887 4082 particula
901 4013 987 4068 altera
997 4010 1230 4066 commentationis
1241 4010 1367 4064 asciscam

199 4121 258 4159 eum
270 4107 336 4181 baec
347 4108 408 4159 tum
427 4105 481 4158 alia
499 4120 568 4173 quas
585 4105 640 4157 iam
661 4103 797 4172 exploravi
816 4101 969 4170 (Tullianae
987 4101 1078 4170 poesis
1097 4099 1248 4167 fragmenta
1261 4101 1369 4154 Horatii

199 4194 333 4268 epistulas
352 4197 444 4262 partes
458 4193 570 4246 selectas
589 4192 737 4245 carminum
751 4190 870 4245 Lucretii
883 4188 987 4244 Catulli
1000 4189 1115 4256 Vergilii
1128 4189 1237 4258 Ovidii).
