2962 4852
717 366 882 427 47·

153 569 250 628 aas-s
277 564 382 629 1020b
400 563 443 645 (v.
456 560 518 644 4)L
548 561 607 625 inc.
627 559 773 624 renunc·
794 579 827 622 se
849 561 952 640 adque
974 559 1076 622 eidem
1096 558 1200 621 studio
1223 578 1326 621 emeres

152 673 272 735 dedere
287 671 413 733 eructi.
439 667 548 733 dubito
572 672 678 730 utrum
703 667 797 729 4241]
820 665 885 742 XV
906 663 980 729 15M
1008 666 1185 745 Campanus
1199 666 1326 745 souipes

151 798 312 841 succussor
329 778 438 839 nullus
453 775 615 856 (sequetur
631 773 726 857 leucu)
750 773 811 836 hue
833 771 967 837 referam
989 793 1030 834 an
1045 793 1206 835 succussor
1222 771 1324 835 dicam

153 885 256 947 locum
279 883 425 947 adiectivi
450 881 602 946 obtinere.
633 881 664 943 in
689 903 719 945 v.
743 878 813 943 Iuv.
842 880 880 942 12
906 880 947 942 99
973 881 1111 960 locuples
1132 879 1271 942 Gallitta
1293 892 1327 941 ct

151 992 271 1055 Pacius
285 990 358 1053 orbi
373 995 450 1075 puto
465 989 537 1051 orbi
552 988 740 1073 appositum.
756 1027 796 1034 —
808 986 888 1052 conf.
905 986 1006 1050 Lucil.
1024 986 1117 1057 256L
1134 984 1218 1049 VIII
1239 983 1323 1049 13Μ.

258 1096 456 1162 substantiva
478 1094 696 1179 adiectivaque
718 1093 757 1158 de
781 1093 895 1179 quibus
922 1095 1027 1179 agitur
1049 1093 1202 1157 Horatius
1225 1091 1323 1157 semel

153 1225 209 1290 per
233 1204 310 1268 dues
335 1204 481 1289 deinceps
503 1223 611 1266 versus
635 1201 807 1266 distribuit:
832 1198 911 1288 aissa
927 1201 943 1264 I
960 1205 978 1263 o
996 1204 1038 1265 83
1057 1202 1325 1281 pudicuuc...scr·

152 1313 242 1375 auoit
255 1312 295 1375 ub
310 1312 397 1374 uereri
413 1312 485 1373 Nou
501 1309 604 1372 solum
611 1309 714 1388 facto,
729 1329 841 1371 cercuu
856 1308 1026 1390 obprobrio
1042 1329 1164 1391 quoque
1184 1309 1284 1387 recepi.

260 1439 401 1483 seorsum
425 1417 522 1481 affero
538 1416 690 1479 nonnulla
705 1415 854 1500 exempla
869 1415 1056 1499 singularia:
1081 1437 1179 1479 unum
1195 1415 1323 1479 adieeti-

154 1547 228 1589 vum
251 1531 372 1612 spectat
395 1526 435 1590 ad
459 1523 521 1587 duo
544 1521 740 1586 substantiva
764 1542 897 1606 quorum
921 1521 1012 1585 alteri
1036 1523 1172 1586 alterum
1195 1523 1323 1586 adieeti-

153 1652 228 1694 vum
251 1630 411 1714 adhaeret,
435 1631 494 1694 hoe
517 1630 585 1694 loco
601 1629 762 1693 Iuvenalis
779 1632 797 1692 8
827 1631 886 1692 157
906 1631 998 1692 iurat
1012 1631 1120 1694 Solum
1135 1632 1282 1711 Eponam
1293 1647 1326 1694 et

146 1740 254 1819 facies
269 1740 359 1802 olida
374 1741 420 1802 cul
432 1739 606 1820 praesepia
616 1739 730 1819 pictas.
753 1736 943 1801 adiectivum
966 1737 1034 1822 pari
1057 1737 1323 1801 substantivorum

153 1853 184 1910 et
207 1845 432 1910 adieetivorum
456 1845 650 1930 adiungitur:
676 1844 776 1908 Lucil.
802 1843 895 1908 963L
920 1842 1019 1906 XXX
1037 1843 1115 1908 29M
1136 1845 1205 1908 cecis
1219 1847 1324 1909 saeuis

146 1954 250 2033 factis
266 1968 299 2016 et
311 1954 459 2016 tristibus
481 1954 590 2037 dictim
614 1952 684 2017 Iuv.
713 1954 752 2016 15
780 1952 841 2015 120
858 1972 939 2034 quae
959 1967 1051 2016 tacua
1064 1954 1175 2033 fames
1191 1953 1324 2034 inserta-

154 2082 215 2142 que
223 2063 310 2124 uallc
321 2063 424 2124 Acuca
434 2075 606 2143 coegerunt
614 2076 679 2123 tacu
688 2061 875 2124 detestabile
885 2075 1062 2123 reuersurum
1072 2060 1218 2123 Auderer’
1230 2061 1280 2122 sas
1294 2066 1325 2124 et

153 2172 223 2232 sci-a
238 2169 359 2252 figurae
376 2168 408 2231 in
424 2168 535 2232 eodem
552 2189 645 2231 versu
665 2167 769 2231 sedin
787 2168 917 2232 diversis
935 2167 1095 2230 sententiis
1112 2171 1222 2231 extant
1238 2166 1324 2251 apud

154 2274 241 2339 Pers.
258 2278 272 2338 1
288 2276 341 2338 49.
356 2313 396 2322 —
410 2274 472 2338 duo
483 2275 599 2360 (plura)
611 2275 808 2339 substantiva
817 2274 997 2357 (adiectiva)
1010 2271 1123 2358 quibus
1136 2273 1268 2358 singulis
1279 2274 1326 2337 bi-

154 2404 195 2446 na
206 2383 324 2469 (plura)
340 2383 494 2449 adiectiva
509 2383 731 2466 (substantiva)
749 2382 931 2465 adbaerent,
949 2403 1009 2446 non
1026 2381 1228 2448 inveniuntur
1244 2383 1326 2447 inter

153 2512 187 2555 se
210 2512 339 2556 conexa.

259 2598 357 2662 habes
381 2598 522 2662 evolutas
546 2597 814 2662 substantivorum
838 2599 1126 2684 adiectivorumque
1151 2598 1326 2661 collocatio-

154 2726 209 2770 nes
232 2712 264 2770 et
292 2728 393 2770 nexus
417 2713 493 2791 quet
520 2712 593 2769 sunt
621 2705 707 2791 apud
731 2705 870 2769 Ennium
894 2714 925 2771 et
953 2713 1062 2794 poetas
1092 2706 1241 2769 satiricos.
1289 2705 1326 2767 iis

155 2834 235 2897 quae
259 2812 363 2877 adhuc
386 2813 553 2897 disputavi,
578 2812 609 2876 id
634 2813 830 2897 potissimum
846 2814 897 2898 egi
921 2821 957 2878 ut
977 2813 1150 2877 collocandi
1174 2833 1327 2898 generum

155 2918 405 2984 describerentur
428 2926 543 3005 partes.
590 2919 646 2983 sed
670 2940 732 3003 quo
760 2918 909 2983 iudicium
933 2920 973 2984 de
997 2941 1031 2984 re
1059 2921 1207 2984 universa
1230 2920 1270 2983 sit
1293 2924 1326 2982 et
1431 3002 1435 3009 Ι

154 3026 276 3090 facilius
301 3033 332 3091 et
356 3027 475 3111 verius,
504 3033 606 3090 tetum
634 3048 809 3090 sermonem
839 3028 1082 3113 uniuscuiusque
1106 3033 1217 3113 poetae
1242 3026 1326 3091 baud

155 3134 195 3197 ab
219 3155 252 3198 re
269 3141 315 3198 est
338 3135 464 3199 omissis.
479 3133 628 3199 membris
645 3155 685 3197 ex
709 3135 775 3198 sola
796 3134 915 3199 ratione
939 3156 1091 3220 generum
1118 3134 1192 3220 poni
1215 3134 1247 3196 in
1264 3155 1326 3198 uno

154 3247 331 3327 conspectu.
366 3241 450 3326 quod
473 3241 531 3305 feci
555 3241 672 3305 tabulis
697 3240 809 3305 adfixis
834 3262 915 3326 quae
939 3242 1107 3327 inscriptae
1130 3247 1203 3305 sunt
1223 3238 1265 3304 ΙΑ
1282 3241 1321 3304 ΙΒ

155 3370 288 3433 quarum
305 3349 406 3414 altera
422 3345 573 3413 Aristera
596 3355 704 3413 notata
721 3368 866 3412 numeros
883 3348 1014 3413 exbibet
1030 3350 1247 3435 exemplorum
1263 3371 1327 3413 om-

154 3456 242 3519 nium
266 3477 346 3540 quae
370 3463 481 3521 extant
508 3456 644 3520 cuiusvis
673 3455 810 3539 figurae,
840 3454 941 3518 altera
956 3455 984 3518 B
1000 3456 1125 3540 signata
1152 3454 1268 3519 indicat
1295 3456 1327 3518 in

156 3562 299 3645 quotenis
311 3561 452 3625 versibus
465 3562 647 3648 exemplum
663 3561 760 3624 semel
777 3561 961 3646 reperiatur.
986 3561 1115 3626 tabulae
1128 3582 1201 3625 vero
1216 3561 1328 3624 eodem

155 3667 263 3732 ordine
286 3668 462 3753 iisdemque
485 3671 566 3733 notis
582 3669 773 3755 compositae
797 3676 870 3734 sunt
886 3669 999 3754 quibus
1024 3669 1056 3732 in
1073 3667 1247 3733 enarrando
1264 3690 1328 3733 ser·

155 3796 247 3838 mone
272 3797 346 3838 usus
370 3797 449 3839 sum.
489 3777 606 3840 intres
630 3783 736 3862 partes
760 3797 813 3840 eas
836 3776 925 3840 vides
948 3775 1073 3841 divisas.
1113 3776 1215 3862 primo
1237 3783 1327 3862 parte

155 3880 197 3963 (1)
221 3882 419 3946 eontinentur
442 3881 638 3946 substantive
661 3882 880 3967 adiectivaque
903 3883 936 3946 in
952 3883 1084 3968 singulis
1100 3883 1242 3947 versibus
1266 3882 1328 3946 col-

156 3988 270 4071 locato,
295 3990 395 4053 altera
423 3989 481 4073 (II)
510 3989 706 4053 substantiva
737 3989 954 4074 adieetivuqne
985 4012 1041 4076 per
1070 3991 1148 4056 duos
1178 3989 1327 4075 deinceps

155 4117 273 4179 versus,
298 4098 390 4161 tertia
410 4097 487 4180 (HI)
504 4119 560 4184 per
575 4097 653 4161 duos
670 4118 777 4160 versus
799 4096 913 4180 quibus
936 4098 1046 4162 tertius
1068 4097 1245 4162 intercurrit
1267 4095 1327 4160 dis·

156 4203 283 4269 tributo.
321 4226 427 4268 rursus
456 4205 566 4291 prieris
595 4204 691 4290 partie
719 4224 837 4288 genera
865 4204 945 4267 inter
973 4226 1007 4269 ee
1031 4205 1075 4269 ita
1101 4204 1261 4293 excipiunt
1294 4210 1328 4266 ut
