2962 4852
711 356 752 416 49

145 547 325 612 collocarint
345 550 392 630 (α)
408 555 440 612 et
463 551 584 633 quoties
607 551 700 636 plura
722 549 919 614 substantiva
939 551 1156 636 adiectivaque
1180 571 1316 615 conexu·

144 655 225 719 crint
246 656 279 718 in
303 656 420 740 figuras
444 658 488 738 (β)
509 659 531 739 ).

250 769 377 848 praeter
407 763 531 826 tabulas
561 763 625 826 iam
657 763 829 848 explicatas
859 763 940 827 addo
970 766 1084 829 alteras
1113 763 1186 848 (HA
1208 765 1316 849 111³)2)

144 870 258 954 quibus
274 876 376 933 totum
391 891 568 934 sermonem
584 869 729 933 omnibus
746 871 1012 935 substantivorum
1029 872 1316 958 adiectivorumque

143 977 278 1041 nexibus
302 977 473 1062 figurisque
491 977 648 1041 dissolutis
664 998 705 1040 ex
728 978 795 1040 sola
810 977 930 1041 ratione
946 998 1054 1042 eorum
1076 999 1230 1063 generum
1246 1002 1316 1066 pro·

143 1104 259 1169 ponam
276 1105 356 1168 quae
378 1083 502 1147 dicendi
524 1090 639 1148 natura
662 1084 780 1169 ubique
804 1085 906 1169 prima
921 1084 1058 1150 fuerunt.
1084 1107 1122 1150 ea
1146 1108 1226 1172 quae
1243 1088 1314 1172 sint,

144 1189 235 1253 facile
258 1191 423 1275 intelleges
446 1191 473 1254 si
495 1191 621 1254 tabulas
645 1192 855 1277 exposuerim.
903 1191 1031 1256 tabulae
1055 1192 1219 1258 distinctae
1243 1203 1316 1259 sunt

144 1297 176 1359 in
192 1302 297 1382 partes
309 1298 475 1383 primarias
487 1296 558 1360 AB
572 1297 596 1361 O
610 1297 640 1360 D
658 1319 698 1362 ex
716 1304 863 1382 quattuor
878 1299 941 1361 illis
958 1299 1125 1383 generibus
1141 1301 1204 1365 iam
1221 1323 1316 1388 saepe

146 1404 407 1468 commemoratis:
424 1403 621 1469 substantiva
637 1405 854 1490 adiectivaque
873 1406 1054 1470 continuata
1071 1407 1119 1489 ὦ
1134 1411 1188 1470 ffi
1201 1409 1283 1490 sim.)
1291 1411 1315 1491 3)

144 1510 287 1575 obtinent
302 1510 342 1595 A,
367 1511 522 1575 disiuncta
545 1514 605 1594 (as
623 1513 705 1594 sim.)
722 1513 760 1595 B,
784 1533 841 1597 per
860 1512 939 1576 duos
959 1513 1106 1600 deinceps
1127 1535 1234 1579 versus
1254 1515 1315 1579 dis-

144 1617 262 1681 tributa
289 1614 345 1704 (als
362 1617 446 1700 sim.)
470 1617 506 1701 O,
536 1618 680 1682 ordinata
703 1640 759 1704 per
783 1619 861 1682 duos
884 1640 993 1683 versus
1016 1621 1108 1685 tertio
1132 1623 1315 1708 interposito

145 1721 210 1811 (alls
222 1724 304 1806 sim.)
317 1724 357 1790 D.
382 1726 579 1811 singulorum
596 1731 702 1789 autem
719 1726 857 1812 capitum
877 1733 981 1812 partes
999 1733 1146 1811 quattuor
1169 1729 1200 1811 (1
1216 1730 1235 1790 2
1250 1732 1268 1792 3
1283 1730 1315 1811 4)

145 1832 331 1896 constitutae
354 1839 427 1896 sunt
444 1854 485 1897 ex
508 1833 616 1897 ordine
641 1855 702 1917 quo
718 1833 873 1896 adieetiva
896 1833 1154 1918 substantivaque
1178 1835 1259 1898 inter
1282 1856 1315 1898 se

146 1945 276 2022 possunt
299 1941 459 2026 excipere:
486 1962 519 2004 as
542 1962 587 2023 sa7
612 1946 777 2026 praeterea
800 1940 854 2003 ubi
875 1941 1071 2005 substantiva
1094 1942 1219 2024 singula
1242 1948 1316 2005 sunt
1390 1922 1396 1931 Ι

145 2043 289 2127 pluribus
318 2045 478 2110 adiectivis
507 2055 626 2130 ornata,
659 2068 723 2129 asa,
752 2047 808 2110 ubi
836 2047 991 2110 adiectiva
1019 2048 1144 2132 singula
1172 2048 1314 2133 pluribus

146 2149 349 2216 substantivis
373 2152 490 2236 addita,
515 2175 573 2217 sas.
599 2154 721 2237 quoties
745 2154 889 2238 singulae
913 2161 1018 2240 partes
1041 2154 1237 2239 singulorum
1261 2177 1315 2240 ge·

145 2277 257 2320 nerum
280 2258 365 2344 apud
381 2258 521 2322 Ennium
542 2266 574 2323 et
597 2260 735 2323 satiricos
759 2260 969 2342 inveniantur,
993 2261 1059 2324 sive
1083 2260 1315 2325 substantivum

145 2384 217 2427 eum
233 2386 296 2429 uno
314 2366 467 2431 adiectivo
486 2367 687 2430 coniunctum
706 2372 753 2429 est
769 2367 829 2449 (as)
851 2367 901 2430 vel
924 2387 996 2430 oum
1018 2367 1140 2431 duobus
1163 2370 1243 2452 (aas)
1263 2371 1315 2434 vel

144 2492 215 2536 cum
238 2473 338 2537 tribus
362 2476 461 2558 (aeas)
482 2475 533 2539 vel
549 2495 620 2538 cum
645 2479 791 2558 quattuor
814 2475 934 2557 (aaaas)
958 2475 1024 2538 sive
1048 2474 1237 2539 adiectivum
1261 2478 1314 2540 ad-

143 2579 252 2645 haeret
275 2583 397 2647 duobus
426 2583 500 2665 (ass)
524 2589 579 2647 aut
607 2581 706 2645 tribus
730 2584 821 2663 (asss)
851 2588 905 2644 aut
929 2588 1076 2666 quattuor
1104 2585 1210 2665 (asses)
1239 2584 1315 2647 sub·

143 2689 328 2771 stantivisl),
346 2688 444 2752 edunt
461 2694 565 2773 partes
581 2687 761 2752 tabularum
778 2692 791 2751 1
810 2688 962 2772 signatae.
982 2688 1123 2774 partibus
1141 2691 1160 2751 2
1177 2692 1314 2755 rationes

143 2795 361 2859 subducuntur
384 2800 419 2857 ut
444 2815 463 2854 α
485 2794 634 2858 exhibeat
656 2816 794 2858 summas
812 2800 960 2879 quattuor
983 2796 1110 2859 illarum
1128 2796 1264 2881 partium
1282 2799 1313 2861 in

146 2927 223 2990 quas
248 2925 366 2990 genera
389 2903 562 2984 divisimus,
588 2903 604 2982 β
629 2923 782 2986 generum
804 2902 953 2987 ipsorum,
978 2902 1041 2982 γΑ
1065 2911 1097 2967 et
1119 2903 1162 2986 B,
1188 2901 1212 2966 O
1232 2911 1263 2967 et
1283 2903 1313 2966 D

143 3011 280 3096 partium
296 3014 555 3095 eomputatarum.
583 3028 664 3092 quae
686 3015 809 3072 ceterae
833 3030 975 3073 summae
991 3011 1052 3073 sint
1068 3010 1179 3092 factae,
1204 3032 1245 3074 ex
1268 3018 1314 3074 ta·

142 3116 225 3180 bulis
249 3116 455 3200 cognoscitur.

195 3330 223 3397 1)
241 3328 288 3382 hio
306 3326 386 3382 asAS
410 3325 536 3382 asASAS
556 3324 687 3379 ASaASs
706 3326 854 3393 figurarum
879 3331 978 3397 partes,
997 3344 1051 3381 nou
1070 3328 1173 3396 figurae
1190 3329 1266 3398 ipsae
1284 3330 1314 3383 in

142 3417 254 3472 calamis
272 3416 413 3486 ponendae
432 3419 516 3471 erant.

196 3508 223 3576 2)
242 3506 315 3560 inter
333 3506 456 3560 tabulam
475 3505 532 3560 ΠΛ
545 3509 572 3560 et
585 3505 637 3558 ΠΒ
656 3505 747 3559 eadem
766 3505 837 3558 ratio
851 3503 997 3558 intercedit
1010 3520 1079 3572 quae
1098 3504 1171 3559 inter
1190 3506 1313 3562 tabulam

143 3596 183 3650 IA
202 3599 230 3649 et
248 3595 285 3649 IB
305 3595 385 3663 (conf.
404 3611 449 3664 pg.
468 3597 522 3664 47).

195 3687 223 3754 3)
241 3685 272 3739 in
298 3684 401 3739 tabulis
427 3701 519 3739 omnes
542 3685 644 3754 figurae
668 3686 722 3738 hue
741 3687 895 3754 spectantes
920 3683 1076 3738 indicantur
1094 3688 1125 3738 'as
1146 3685 1312 3754 compendio.

142 3775 271 3830 similiter
288 3775 384 3830 notavi
403 3778 490 3829 cetera
507 3789 606 3843 genera
624 3790 772 3844 eorumque
792 3777 891 3842 partes.

196 3866 223 3934 4)
243 3863 311 3919 conf.
331 3881 374 3934 pg.
394 3865 428 3917 48
448 3862 508 3917 adn.
528 3866 552 3917 2.

620 4024 833 4034 ----..-—..-·
