<?xml version="1.0" encoding="UTF-8"?>
<!DOCTYPE html PUBLIC "-//W3C//DTD XHTML 1.0 Transitional//EN"
    "http://www.w3.org/TR/xhtml1/DTD/xhtml1-transitional.dtd">
<html xmlns="http://www.w3.org/1999/xhtml" xml:lang="en" lang="en">
 <head>
  <title>
</title>
<meta http-equiv="Content-Type" content="text/html;charset=utf-8" />
  <meta name='ocr-system' content='tesseract 3.04.00' />
  <meta name='ocr-capabilities' content='ocr_page ocr_carea ocr_par ocr_line ocrx_word'/>
</head>
<body>
  <div class='ocr_page' id='page_1' title='image "./desubstantiviei00heitgoog_0010.png"; bbox 0 0 2962 4852; ppageno 0'>
   <div class='ocr_carea' id='block_1_1' title="bbox 120 1235 1326 2716">
    <p class='ocr_par' dir='ltr' id='par_1_1' title="bbox 151 1235 1325 2394">
     <span class='ocr_line' id='line_1_1' title="bbox 258 1235 1324 1320; baseline 0.007 -21"><span class='ocrx_word' id='word_1_1' title='bbox 258 1235 379 1320; x_wconf 83' lang='lat' dir='ltr'>Magna</span> <span class='ocrx_word' id='word_1_2' title='bbox 401 1236 457 1300; x_wconf 89' lang='lat' dir='ltr'>illa</span> <span class='ocrx_word' id='word_1_3' title='bbox 479 1238 512 1301; x_wconf 96' lang='lat' dir='ltr'>in</span> <span class='ocrx_word' id='word_1_4' title='bbox 535 1236 640 1302; x_wconf 88' lang='lat' dir='ltr'>verbis</span> <span class='ocrx_word' id='word_1_5' title='bbox 661 1238 848 1303; x_wconf 80' lang='lat' dir='ltr'>collocandis</span> <span class='ocrx_word' id='word_1_6' title='bbox 869 1238 999 1304; x_wconf 90' lang='lat' dir='ltr'>libertas</span> <span class='ocrx_word' id='word_1_7' title='bbox 1014 1261 1086 1304; x_wconf 88' lang='lat' dir='ltr'>cum</span> <span class='ocrx_word' id='word_1_8' title='bbox 1106 1240 1187 1305; x_wconf 87' lang='lat' dir='ltr'>inter</span> <span class='ocrx_word' id='word_1_9' title='bbox 1203 1241 1324 1306; x_wconf 91' lang='lat' dir='ltr'>notabi-</span> 
     </span>
     <span class='ocr_line' id='line_1_2' title="bbox 152 1343 1322 1433; baseline 0.006 -27"><span class='ocrx_word' id='word_1_10' title='bbox 152 1343 245 1407; x_wconf 84' lang='lat' dir='ltr'><strong>liores</strong></span> <span class='ocrx_word' id='word_1_11' title='bbox 261 1343 390 1427; x_wconf 80' lang='lat' dir='ltr'>linguae</span> <span class='ocrx_word' id='word_1_12' title='bbox 407 1343 540 1409; x_wconf 84' lang='lat' dir='ltr'>Latinae</span> <span class='ocrx_word' id='word_1_13' title='bbox 561 1346 768 1431; x_wconf 75' lang='lat' dir='ltr'>proprietates</span> <span class='ocrx_word' id='word_1_14' title='bbox 785 1368 909 1433; x_wconf 88' lang='lat' dir='ltr'>semper</span> <span class='ocrx_word' id='word_1_15' title='bbox 925 1347 1034 1412; x_wconf 90' lang='lat' dir='ltr'>habita</span> <span class='ocrx_word' id='word_1_16' title='bbox 1049 1348 1088 1410; x_wconf 90' lang='lat' dir='ltr'>sit</span> <span class='ocrx_word' id='word_1_17' title='bbox 1110 1354 1142 1411; x_wconf 91' lang='lat' dir='ltr'>et</span> <span class='ocrx_word' id='word_1_18' title='bbox 1157 1348 1322 1431; x_wconf 85' lang='lat' dir='ltr'>habeatur,</span> 
     </span>
     <span class='ocr_line' id='line_1_3' title="bbox 152 1451 1324 1540; baseline 0.004 -25"><span class='ocrx_word' id='word_1_19' title='bbox 152 1451 238 1516; x_wconf 88' lang='lat' dir='ltr'>haud</span> <span class='ocrx_word' id='word_1_20' title='bbox 262 1451 383 1514; x_wconf 88' lang='lat' dir='ltr'>mireris</span> <span class='ocrx_word' id='word_1_21' title='bbox 400 1452 483 1535; x_wconf 90' lang='lat' dir='ltr'>quod</span> <span class='ocrx_word' id='word_1_22' title='bbox 499 1460 605 1517; x_wconf 89' lang='lat' dir='ltr'>nostra</span> <span class='ocrx_word' id='word_1_23' title='bbox 621 1458 724 1517; x_wconf 87' lang='lat' dir='ltr'>aetate</span> <span class='ocrx_word' id='word_1_24' title='bbox 741 1475 782 1516; x_wconf 86' lang='lat' dir='ltr'>ex</span> <span class='ocrx_word' id='word_1_25' title='bbox 798 1475 859 1539; x_wconf 90' lang='lat' dir='ltr'>quo</span> <span class='ocrx_word' id='word_1_26' title='bbox 875 1455 979 1519; x_wconf 90' lang='lat' dir='ltr'>studia</span> <span class='ocrx_word' id='word_1_27' title='bbox 997 1456 1202 1539; x_wconf 83' lang='lat' dir='ltr'>grammatica</span> <span class='ocrx_word' id='word_1_28' title='bbox 1223 1458 1324 1540; x_wconf 80' lang='lat' dir='ltr'>magis</span> 
     </span>
     <span class='ocr_line' id='line_1_4' title="bbox 153 1556 1324 1650; baseline 0.005 -28"><span class='ocrx_word' id='word_1_29' title='bbox 153 1556 292 1622; x_wconf 80' lang='lat' dir='ltr'>exerceri</span> <span class='ocrx_word' id='word_1_30' title='bbox 309 1563 420 1643; x_wconf 90' lang='lat' dir='ltr'>coepta</span> <span class='ocrx_word' id='word_1_31' title='bbox 439 1567 521 1641; x_wconf 72' lang='lat' dir='ltr'>sunt,</span> <span class='ocrx_word' id='word_1_32' title='bbox 548 1558 715 1624; x_wconf 89' lang='lat' dir='ltr'>verborum</span> <span class='ocrx_word' id='word_1_33' title='bbox 731 1561 806 1624; x_wconf 93' lang='lat' dir='ltr'>ordo</span> <span class='ocrx_word' id='word_1_34' title='bbox 822 1562 1008 1648; x_wconf 87' lang='lat' dir='ltr'>scriptorum</span> <span class='ocrx_word' id='word_1_35' title='bbox 1024 1561 1208 1626; x_wconf 88' lang='lat' dir='ltr'>Latinorum</span> <span class='ocrx_word' id='word_1_36' title='bbox 1230 1584 1324 1650; x_wconf 84' lang='lat' dir='ltr'>saepe</span> 
     </span>
     <span class='ocr_line' id='line_1_5' title="bbox 154 1664 1325 1755; baseline 0.007 -28"><span class='ocrx_word' id='word_1_37' title='bbox 154 1685 190 1728; x_wconf 91' lang='lat' dir='ltr'>ac</span> <span class='ocrx_word' id='word_1_38' title='bbox 213 1664 320 1728; x_wconf 91' lang='lat' dir='ltr'>multis</span> <span class='ocrx_word' id='word_1_39' title='bbox 342 1665 417 1728; x_wconf 89' lang='lat' dir='ltr'>locis</span> <span class='ocrx_word' id='word_1_40' title='bbox 441 1672 488 1729; x_wconf 91' lang='lat' dir='ltr'>cst</span> <span class='ocrx_word' id='word_1_41' title='bbox 512 1667 672 1750; x_wconf 89' lang='lat' dir='ltr'>quaesitus</span> <span class='ocrx_word' id='word_1_42' title='bbox 696 1671 847 1731; x_wconf 88' lang='lat' dir='ltr'>tractatus</span> <span class='ocrx_word' id='word_1_43' title='bbox 871 1668 1057 1754; x_wconf 87' lang='lat' dir='ltr'>disputatus.</span> <span class='ocrx_word' id='word_1_44' title='bbox 1107 1677 1202 1755; x_wconf 90' lang='lat' dir='ltr'>atque</span> <span class='ocrx_word' id='word_1_45' title='bbox 1226 1692 1325 1736; x_wconf 90' lang='lat' dir='ltr'>unum</span> 
     </span>
     <span class='ocr_line' id='line_1_6' title="bbox 155 1772 1324 1860; baseline 0.005 -25"><span class='ocrx_word' id='word_1_46' title='bbox 155 1772 349 1859; x_wconf 89' lang='lat' dir='ltr'>potissimum</span> <span class='ocrx_word' id='word_1_47' title='bbox 382 1772 579 1837; x_wconf 88' lang='lat' dir='ltr'>attendentes</span> <span class='ocrx_word' id='word_1_48' title='bbox 612 1795 674 1836; x_wconf 93' lang='lat' dir='ltr'>non</span> <span class='ocrx_word' id='word_1_49' title='bbox 702 1774 795 1859; x_wconf 90' lang='lat' dir='ltr'>pauci</span> <span class='ocrx_word' id='word_1_50' title='bbox 825 1774 854 1837; x_wconf 88' lang='lat' dir='ltr'>ei</span> <span class='ocrx_word' id='word_1_51' title='bbox 883 1795 1011 1860; x_wconf 88' lang='lat' dir='ltr'>operam</span> <span class='ocrx_word' id='word_1_52' title='bbox 1040 1783 1237 1840; x_wconf 84' lang='lat' dir='ltr'>navaverunt</span> <span class='ocrx_word' id='word_1_53' title='bbox 1265 1778 1324 1841; x_wconf 90' lang='lat' dir='ltr'>viri</span> 
     </span>
     <span class='ocr_line' id='line_1_7' title="bbox 153 1878 1325 1968; baseline 0.004 -26"><span class='ocrx_word' id='word_1_54' title='bbox 153 1878 250 1944; x_wconf 91' lang='lat' dir='ltr'>docti:</span> <span class='ocrx_word' id='word_1_55' title='bbox 279 1879 368 1943; x_wconf 87' lang='lat' dir='ltr'>illam</span> <span class='ocrx_word' id='word_1_56' title='bbox 392 1878 461 1942; x_wconf 86' lang='lat' dir='ltr'>dieo</span> <span class='ocrx_word' id='word_1_57' title='bbox 486 1900 567 1964; x_wconf 89' lang='lat' dir='ltr'>quae</span> <span class='ocrx_word' id='word_1_58' title='bbox 591 1879 631 1944; x_wconf 88' lang='lat' dir='ltr'>ad</span> <span class='ocrx_word' id='word_1_59' title='bbox 655 1881 775 1944; x_wconf 88' lang='lat' dir='ltr'>animos</span> <span class='ocrx_word' id='word_1_60' title='bbox 798 1881 980 1946; x_wconf 89' lang='lat' dir='ltr'>alliciendos</span> <span class='ocrx_word' id='word_1_61' title='bbox 1004 1889 1051 1946; x_wconf 90' lang='lat' dir='ltr'>est</span> <span class='ocrx_word' id='word_1_62' title='bbox 1072 1883 1232 1968; x_wconf 89' lang='lat' dir='ltr'>aptissima</span> <span class='ocrx_word' id='word_1_63' title='bbox 1252 1884 1325 1947; x_wconf 89' lang='lat' dir='ltr'>sub·</span> 
     </span>
     <span class='ocr_line' id='line_1_8' title="bbox 151 1985 1325 2074; baseline 0.005 -26"><span class='ocrx_word' id='word_1_64' title='bbox 151 1986 281 2050; x_wconf 88' lang='lat' dir='ltr'>stantivi</span> <span class='ocrx_word' id='word_1_65' title='bbox 291 1986 383 2070; x_wconf 88' lang='lat' dir='ltr'>eique</span> <span class='ocrx_word' id='word_1_66' title='bbox 395 1985 538 2050; x_wconf 86' lang='lat' dir='ltr'>attributi</span> <span class='ocrx_word' id='word_1_67' title='bbox 551 1987 635 2072; x_wconf 91' lang='lat' dir='ltr'>apud</span> <span class='ocrx_word' id='word_1_68' title='bbox 648 1994 755 2073; x_wconf 89' lang='lat' dir='ltr'>poetas</span> <span class='ocrx_word' id='word_1_69' title='bbox 771 1988 1017 2053; x_wconf 89' lang='lat' dir='ltr'>collocationem.</span> <span class='ocrx_word' id='word_1_70' title='bbox 1042 1989 1081 2052; x_wconf 94' lang='lat' dir='ltr'>de</span> <span class='ocrx_word' id='word_1_71' title='bbox 1098 2010 1161 2074; x_wconf 90' lang='lat' dir='ltr'>qua</span> <span class='ocrx_word' id='word_1_72' title='bbox 1172 1990 1325 2054; x_wconf 88' lang='lat' dir='ltr'>habemus</span> 
     </span>
     <span class='ocr_line' id='line_1_9' title="bbox 153 2092 1325 2179; baseline 0.005 -23"><span class='ocrx_word' id='word_1_73' title='bbox 153 2093 429 2157; x_wconf 87' lang='lat' dir='ltr'>commentationes</span> <span class='ocrx_word' id='word_1_74' title='bbox 453 2092 630 2157; x_wconf 90' lang='lat' dir='ltr'>luculentas</span> <span class='ocrx_word' id='word_1_75' title='bbox 652 2092 1097 2179; x_wconf 83' lang='lat' dir='ltr'>Dillenburgeri1)Voigtii2)</span> <span class='ocrx_word' id='word_1_76' title='bbox 1119 2096 1325 2179; x_wconf 70' lang='grc' dir='ltr'>(11111111ἁί13)</span> 
     </span>
     <span class='ocr_line' id='line_1_10' title="bbox 152 2197 1325 2286; baseline 0.004 -24"><span class='ocrx_word' id='word_1_77' title='bbox 152 2197 313 2281; x_wconf 77' lang='lat' dir='ltr'>Krafftii4)</span> <span class='ocrx_word' id='word_1_78' title='bbox 327 2199 477 2282; x_wconf 64' lang='lat' dir='ltr'>risoriis)</span> <span class='ocrx_word' id='word_1_79' title='bbox 493 2199 635 2282; x_wconf 75' lang='lat' dir='ltr'>Kiaeriss)</span> <span class='ocrx_word' id='word_1_80' title='bbox 652 2199 831 2284; x_wconf 68' lang='lat' dir='ltr'>Eggersiil)</span> <span class='ocrx_word' id='word_1_81' title='bbox 849 2201 1053 2286; x_wconf 69' lang='lat' dir='ltr'>Gebbingiiss)</span> <span class='ocrx_word' id='word_1_82' title='bbox 1069 2201 1325 2286; x_wconf 74' lang='lat' dir='ltr'>Lautensachii9)</span> 
     </span>
     <span class='ocr_line' id='line_1_11' title="bbox 151 2305 1323 2394; baseline 0.003 -23"><span class='ocrx_word' id='word_1_83' title='bbox 151 2305 354 2389; x_wconf 88' lang='lat' dir='ltr'>Hansenii10)</span> <span class='ocrx_word' id='word_1_84' title='bbox 376 2305 619 2391; x_wconf 83' lang='lat' dir='ltr'>Streifingerill)</span> <span class='ocrx_word' id='word_1_85' title='bbox 640 2306 814 2389; x_wconf 80' lang='lat' dir='ltr'>Boldtii12).</span> <span class='ocrx_word' id='word_1_86' title='bbox 859 2307 915 2371; x_wconf 87' lang='lat' dir='ltr'>sed</span> <span class='ocrx_word' id='word_1_87' title='bbox 940 2309 993 2392; x_wconf 93' lang='lat' dir='ltr'>qui</span> <span class='ocrx_word' id='word_1_88' title='bbox 1018 2307 1075 2372; x_wconf 89' lang='lat' dir='ltr'>has</span> <span class='ocrx_word' id='word_1_89' title='bbox 1100 2316 1323 2394; x_wconf 87' lang='lat' dir='ltr'>perscrutatur,</span> 
     </span>
    </p>

    <p class='ocr_par' dir='ltr' id='par_1_2' title="bbox 120 2413 1326 2716">
     <span class='ocr_line' id='line_1_12' title="bbox 153 2413 1325 2503; baseline 0.003 -26"><span class='ocrx_word' id='word_1_90' title='bbox 153 2434 226 2477; x_wconf 90' lang='lat' dir='ltr'>eum</span> <span class='ocrx_word' id='word_1_91' title='bbox 250 2413 361 2499; x_wconf 81' lang='lat' dir='ltr'>fugere</span> <span class='ocrx_word' id='word_1_92' title='bbox 378 2435 440 2477; x_wconf 91' lang='lat' dir='ltr'>non</span> <span class='ocrx_word' id='word_1_93' title='bbox 463 2420 566 2500; x_wconf 87' lang='lat' dir='ltr'>potest</span> <span class='ocrx_word' id='word_1_94' title='bbox 586 2413 668 2476; x_wconf 85' lang='lat' dir='ltr'>viros</span> <span class='ocrx_word' id='word_1_95' title='bbox 684 2413 755 2477; x_wconf 91' lang='lat' dir='ltr'>illos</span> <span class='ocrx_word' id='word_1_96' title='bbox 779 2413 844 2477; x_wconf 90' lang='lat' dir='ltr'>fere</span> <span class='ocrx_word' id='word_1_97' title='bbox 860 2435 967 2477; x_wconf 91' lang='lat' dir='ltr'>omnes</span> <span class='ocrx_word' id='word_1_98' title='bbox 989 2414 1022 2479; x_wconf 94' lang='lat' dir='ltr'>id</span> <span class='ocrx_word' id='word_1_99' title='bbox 1047 2414 1148 2478; x_wconf 91' lang='lat' dir='ltr'>solum</span> <span class='ocrx_word' id='word_1_100' title='bbox 1172 2416 1231 2479; x_wconf 92' lang='lat' dir='ltr'>sibi</span> <span class='ocrx_word' id='word_1_101' title='bbox 1255 2438 1325 2503; x_wconf 90' lang='lat' dir='ltr'>pro·</span> 
     </span>
     <span class='ocr_line' id='line_1_13' title="bbox 120 2500 1325 2606; baseline 0.002 -22"><span class='ocrx_word' id='word_1_102' title='bbox 120 2500 124 2508; x_wconf 40' lang='lat'>¹</span> <span class='ocrx_word' id='word_1_103' title='bbox 152 2521 353 2606; x_wconf 84' lang='lat' dir='ltr'>posuissent</span> <span class='ocrx_word' id='word_1_104' title='bbox 379 2521 419 2584; x_wconf 89' lang='lat' dir='ltr'>de</span> <span class='ocrx_word' id='word_1_105' title='bbox 444 2520 632 2605; x_wconf 89' lang='lat' dir='ltr'>quibusdam</span> <span class='ocrx_word' id='word_1_106' title='bbox 657 2519 826 2604; x_wconf 86' lang='lat' dir='ltr'>generibus</span> <span class='ocrx_word' id='word_1_107' title='bbox 852 2520 1062 2586; x_wconf 86' lang='lat' dir='ltr'>insolentioris</span> <span class='ocrx_word' id='word_1_108' title='bbox 1092 2529 1125 2586; x_wconf 89' lang='lat' dir='ltr'>et</span> <span class='ocrx_word' id='word_1_109' title='bbox 1151 2522 1325 2587; x_wconf 84' lang='lat' dir='ltr'>audacioris</span> 
     </span>
     <span class='ocr_line' id='line_1_14' title="bbox 153 2626 1326 2716; baseline 0.004 -27"><span class='ocrx_word' id='word_1_110' title='bbox 153 2627 340 2692; x_wconf 87' lang='lat' dir='ltr'>substantivi</span> <span class='ocrx_word' id='word_1_111' title='bbox 363 2635 395 2692; x_wconf 90' lang='lat' dir='ltr'>et</span> <span class='ocrx_word' id='word_1_112' title='bbox 418 2626 560 2692; x_wconf 85' lang='lat' dir='ltr'>attributi</span> <span class='ocrx_word' id='word_1_113' title='bbox 583 2626 794 2691; x_wconf 90' lang='lat' dir='ltr'>collocationis</span> <span class='ocrx_word' id='word_1_114' title='bbox 817 2635 949 2711; x_wconf 86' lang='lat' dir='ltr'>agerent</span> <span class='ocrx_word' id='word_1_115' title='bbox 965 2635 997 2692; x_wconf 91' lang='lat' dir='ltr'>et</span> <span class='ocrx_word' id='word_1_116' title='bbox 1013 2629 1216 2716; x_wconf 80' lang='lat' dir='ltr'>explicarent.</span> <span class='ocrx_word' id='word_1_117' title='bbox 1263 2652 1326 2715; x_wconf 89' lang='lat' dir='ltr'>qua</span> 
     </span>
    </p>
   </div>
   <div class='ocr_carea' id='block_1_2' title="bbox 152 2789 366 2799">
    <p class='ocr_par' dir='ltr' id='par_1_3' title="bbox 152 2789 366 2799">
     <span class='ocr_line' id='line_1_15' title="bbox 152 2789 366 2799; baseline -0.005 0"><span class='ocrx_word' id='word_1_118' title='bbox 152 2789 366 2799; x_wconf 53' lang='lat'>*-</span> 
     </span>
    </p>
   </div>
   <div class='ocr_carea' id='block_1_3' title="bbox 151 2873 1327 4273">
    <p class='ocr_par' dir='ltr' id='par_1_4' title="bbox 205 2873 985 2945">
     <span class='ocr_line' id='line_1_16' title="bbox 205 2873 985 2945; baseline 0 -17"><span class='ocrx_word' id='word_1_119' title='bbox 205 2874 234 2945; x_wconf 92' lang='lat'>1)</span> <span class='ocrx_word' id='word_1_120' title='bbox 253 2877 358 2945; x_wconf 86' lang='lat' dir='ltr'>quaest.</span> <span class='ocrx_word' id='word_1_121' title='bbox 378 2873 553 2928; x_wconf 91' lang='lat' dir='ltr'>Horatianac.</span> <span class='ocrx_word' id='word_1_122' title='bbox 590 2873 700 2927; x_wconf 87' lang='lat' dir='ltr'>Bonnaa</span> <span class='ocrx_word' id='word_1_123' title='bbox 719 2873 789 2926; x_wconf 98' lang='grc'>1841</span> <span class='ocrx_word' id='word_1_124' title='bbox 808 2887 852 2942; x_wconf 86' lang='lat' dir='ltr'>pg.</span> <span class='ocrx_word' id='word_1_125' title='bbox 867 2873 919 2926; x_wconf 85' lang='grc'>133</span> <span class='ocrx_word' id='word_1_126' title='bbox 926 2890 985 2943; x_wconf 86' lang='lat' dir='ltr'>sqq.</span> 
     </span>
    </p>

    <p class='ocr_par' dir='ltr' id='par_1_5' title="bbox 207 2961 1058 3032">
     <span class='ocr_line' id='line_1_17' title="bbox 207 2961 1058 3032; baseline -0.001 -16"><span class='ocrx_word' id='word_1_127' title='bbox 207 2964 235 3032; x_wconf 83' lang='lat'>2)</span> <span class='ocrx_word' id='word_1_128' title='bbox 253 2979 387 3032; x_wconf 87' lang='lat' dir='ltr'>nugarum</span> <span class='ocrx_word' id='word_1_129' title='bbox 405 2963 642 3030; x_wconf 84' lang='lat' dir='ltr'>grammaticarum</span> <span class='ocrx_word' id='word_1_130' title='bbox 661 2965 731 3031; x_wconf 89' lang='lat' dir='ltr'>part.</span> <span class='ocrx_word' id='word_1_131' title='bbox 751 2961 846 3031; x_wconf 87' lang='lat' dir='ltr'>prima.</span> <span class='ocrx_word' id='word_1_132' title='bbox 882 2961 960 3015; x_wconf 91' lang='lat' dir='ltr'>Halis</span> <span class='ocrx_word' id='word_1_133' title='bbox 978 2961 1058 3015; x_wconf 83' lang='lat'>1844.</span> 
     </span>
    </p>

    <p class='ocr_par' dir='ltr' id='par_1_6' title="bbox 151 3051 1325 3210">
     <span class='ocr_line' id='line_1_18' title="bbox 206 3051 1325 3122; baseline -0.002 -16"><span class='ocrx_word' id='word_1_134' title='bbox 206 3054 234 3122; x_wconf 85' lang='lat'>3)</span> <span class='ocrx_word' id='word_1_135' title='bbox 253 3051 286 3106; x_wconf 90' lang='lat' dir='ltr'>de</span> <span class='ocrx_word' id='word_1_136' title='bbox 303 3052 409 3106; x_wconf 76' lang='lat' dir='ltr'>libulli</span> <span class='ocrx_word' id='word_1_137' title='bbox 426 3052 563 3122; x_wconf 88' lang='lat' dir='ltr'>Propertii</span> <span class='ocrx_word' id='word_1_138' title='bbox 582 3051 673 3106; x_wconf 89' lang='lat' dir='ltr'>Ovidii</span> <span class='ocrx_word' id='word_1_139' title='bbox 697 3051 824 3105; x_wconf 80' lang='lat' dir='ltr'>distichis</span> <span class='ocrx_word' id='word_1_140' title='bbox 850 3055 955 3121; x_wconf 86' lang='lat' dir='ltr'>quaest.</span> <span class='ocrx_word' id='word_1_141' title='bbox 980 3052 1158 3119; x_wconf 82' lang='lat' dir='ltr'>elegiacarum</span> <span class='ocrx_word' id='word_1_142' title='bbox 1183 3051 1325 3120; x_wconf 85' lang='lat' dir='ltr'>specimen.</span> 
     </span>
     <span class='ocr_line' id='line_1_19' title="bbox 151 3141 405 3210; baseline 0 -14"><span class='ocrx_word' id='word_1_143' title='bbox 151 3141 308 3210; x_wconf 80' lang='lat' dir='ltr'>Regimonti</span> <span class='ocrx_word' id='word_1_144' title='bbox 326 3141 405 3196; x_wconf 90' lang='grc'>1870.</span> 
     </span>
    </p>

    <p class='ocr_par' dir='ltr' id='par_1_7' title="bbox 151 3227 1326 3389">
     <span class='ocr_line' id='line_1_20' title="bbox 204 3227 1326 3300; baseline -0.002 -17"><span class='ocrx_word' id='word_1_145' title='bbox 204 3231 233 3299; x_wconf 90' lang='grc'>4)</span> <span class='ocrx_word' id='word_1_146' title='bbox 252 3229 285 3284; x_wconf 89' lang='lat' dir='ltr'>de</span> <span class='ocrx_word' id='word_1_147' title='bbox 304 3230 410 3284; x_wconf 85' lang='lat' dir='ltr'>artibus</span> <span class='ocrx_word' id='word_1_148' title='bbox 427 3247 494 3300; x_wconf 90' lang='lat' dir='ltr'>quas</span> <span class='ocrx_word' id='word_1_149' title='bbox 512 3230 639 3284; x_wconf 82' lang='lat' dir='ltr'>Tibullus</span> <span class='ocrx_word' id='word_1_150' title='bbox 659 3233 686 3284; x_wconf 88' lang='lat' dir='ltr'>et</span> <span class='ocrx_word' id='word_1_151' title='bbox 700 3228 854 3300; x_wconf 82' lang='lat' dir='ltr'>Lygdamus</span> <span class='ocrx_word' id='word_1_152' title='bbox 872 3229 903 3282; x_wconf 92' lang='lat' dir='ltr'>in</span> <span class='ocrx_word' id='word_1_153' title='bbox 925 3228 1049 3282; x_wconf 79' lang='lat' dir='ltr'>versibus</span> <span class='ocrx_word' id='word_1_154' title='bbox 1068 3227 1262 3282; x_wconf 88' lang='lat' dir='ltr'>concinnandis</span> <span class='ocrx_word' id='word_1_155' title='bbox 1281 3227 1326 3281; x_wconf 86' lang='lat' dir='ltr'>ad-</span> 
     </span>
     <span class='ocr_line' id='line_1_21' title="bbox 151 3318 695 3389; baseline 0 -16"><span class='ocrx_word' id='word_1_156' title='bbox 151 3319 311 3374; x_wconf 87' lang='lat' dir='ltr'>hibuerunt.</span> <span class='ocrx_word' id='word_1_157' title='bbox 348 3319 427 3373; x_wconf 88' lang='lat' dir='ltr'>Halis</span> <span class='ocrx_word' id='word_1_158' title='bbox 445 3319 517 3373; x_wconf 91' lang='grc'>1874</span> <span class='ocrx_word' id='word_1_159' title='bbox 536 3334 579 3388; x_wconf 83' lang='lat' dir='ltr'>pg.</span> <span class='ocrx_word' id='word_1_160' title='bbox 593 3318 628 3373; x_wconf 93' lang='lat'>11</span> <span class='ocrx_word' id='word_1_161' title='bbox 636 3335 695 3389; x_wconf 88' lang='lat' dir='ltr'>sqq.</span> 
     </span>
    </p>

    <p class='ocr_par' dir='ltr' id='par_1_8' title="bbox 205 3405 1325 3478">
     <span class='ocr_line' id='line_1_22' title="bbox 205 3405 1325 3478; baseline -0.003 -15"><span class='ocrx_word' id='word_1_162' title='bbox 205 3410 233 3478; x_wconf 88' lang='lat'>5)</span> <span class='ocrx_word' id='word_1_163' title='bbox 251 3408 284 3462; x_wconf 91' lang='lat' dir='ltr'>de</span> <span class='ocrx_word' id='word_1_164' title='bbox 299 3407 403 3463; x_wconf 82' lang='lat' dir='ltr'>Catulli</span> <span class='ocrx_word' id='word_1_165' title='bbox 418 3409 449 3462; x_wconf 92' lang='lat' dir='ltr'>in</span> <span class='ocrx_word' id='word_1_166' title='bbox 462 3408 601 3462; x_wconf 88' lang='lat' dir='ltr'>vocabulis</span> <span class='ocrx_word' id='word_1_167' title='bbox 617 3406 781 3462; x_wconf 83' lang='lat' dir='ltr'>collocandis</span> <span class='ocrx_word' id='word_1_168' title='bbox 796 3411 853 3461; x_wconf 90' lang='lat' dir='ltr'>arto</span> <span class='ocrx_word' id='word_1_169' title='bbox 870 3410 974 3476; x_wconf 82' lang='lat' dir='ltr'>quaest.</span> <span class='ocrx_word' id='word_1_170' title='bbox 990 3407 1112 3460; x_wconf 83' lang='lat' dir='ltr'>selectae.</span> <span class='ocrx_word' id='word_1_171' title='bbox 1140 3405 1229 3459; x_wconf 88' lang='lat' dir='ltr'>Berol.</span> <span class='ocrx_word' id='word_1_172' title='bbox 1247 3407 1325 3460; x_wconf 84' lang='grc'>1875.</span> 
     </span>
    </p>

    <p class='ocr_par' dir='ltr' id='par_1_9' title="bbox 205 3493 1168 3567">
     <span class='ocr_line' id='line_1_23' title="bbox 205 3493 1168 3567; baseline -0.005 -16"><span class='ocrx_word' id='word_1_173' title='bbox 205 3498 233 3567; x_wconf 87' lang='grc'>6)</span> <span class='ocrx_word' id='word_1_174' title='bbox 253 3497 285 3551; x_wconf 92' lang='lat' dir='ltr'>de</span> <span class='ocrx_word' id='word_1_175' title='bbox 304 3512 425 3551; x_wconf 89' lang='lat' dir='ltr'>sermone</span> <span class='ocrx_word' id='word_1_176' title='bbox 443 3497 477 3551; x_wconf 86' lang='lat' dir='ltr'>D.</span> <span class='ocrx_word' id='word_1_177' title='bbox 498 3497 573 3550; x_wconf 89' lang='lat' dir='ltr'>lunii</span> <span class='ocrx_word' id='word_1_178' title='bbox 592 3496 738 3550; x_wconf 80' lang='lat' dir='ltr'>Iuvenalis.</span> <span class='ocrx_word' id='word_1_179' title='bbox 773 3495 898 3549; x_wconf 89' lang='lat' dir='ltr'>Hanniae</span> <span class='ocrx_word' id='word_1_180' title='bbox 916 3497 986 3549; x_wconf 90' lang='grc'>1875</span> <span class='ocrx_word' id='word_1_181' title='bbox 1005 3493 1168 3563; x_wconf 85' lang='lat' dir='ltr'>pg.18sqq.</span> 
     </span>
    </p>

    <p class='ocr_par' dir='ltr' id='par_1_10' title="bbox 152 3582 1326 4098">
     <span class='ocr_line' id='line_1_24' title="bbox 207 3582 1326 3661; baseline -0.003 -23"><span class='ocrx_word' id='word_1_182' title='bbox 207 3587 234 3655; x_wconf 99' lang='grc'>7)</span> <span class='ocrx_word' id='word_1_183' title='bbox 253 3584 285 3638; x_wconf 91' lang='lat' dir='ltr'>de</span> <span class='ocrx_word' id='word_1_184' title='bbox 304 3584 398 3638; x_wconf 91' lang='lat' dir='ltr'>ordine</span> <span class='ocrx_word' id='word_1_185' title='bbox 421 3587 449 3638; x_wconf 87' lang='lat' dir='ltr'>ot</span> <span class='ocrx_word' id='word_1_186' title='bbox 467 3584 563 3661; x_wconf 84' lang='lat' dir='ltr'>figuris</span> <span class='ocrx_word' id='word_1_187' title='bbox 581 3584 724 3638; x_wconf 85' lang='lat' dir='ltr'>verborum</span> <span class='ocrx_word' id='word_1_188' title='bbox 750 3584 850 3653; x_wconf 89' lang='lat' dir='ltr'>quibus</span> <span class='ocrx_word' id='word_1_189' title='bbox 869 3583 1000 3637; x_wconf 86' lang='lat' dir='ltr'>Horatius</span> <span class='ocrx_word' id='word_1_190' title='bbox 1019 3582 1050 3636; x_wconf 91' lang='lat' dir='ltr'>in</span> <span class='ocrx_word' id='word_1_191' title='bbox 1068 3583 1234 3636; x_wconf 87' lang='lat' dir='ltr'>carminibus</span> <span class='ocrx_word' id='word_1_192' title='bbox 1259 3599 1326 3636; x_wconf 89' lang='lat' dir='ltr'>usus</span> 
     </span>
     <span class='ocr_line' id='line_1_25' title="bbox 152 3672 1137 3741; baseline -0.005 -12"><span class='ocrx_word' id='word_1_193' title='bbox 152 3678 202 3729; x_wconf 86' lang='lat' dir='ltr'>est.</span> <span class='ocrx_word' id='word_1_194' title='bbox 231 3673 345 3727; x_wconf 81' lang='lat' dir='ltr'>Lorarii</span> <span class='ocrx_word' id='word_1_195' title='bbox 363 3673 442 3727; x_wconf 90' lang='grc'>1877.</span> <span class='ocrx_word' id='word_1_196' title='bbox 463 3674 585 3727; x_wconf 89' lang='lat' dir='ltr'>-hanc</span> <span class='ocrx_word' id='word_1_197' title='bbox 604 3672 824 3726; x_wconf 84' lang='lat' dir='ltr'>dissertationem</span> <span class='ocrx_word' id='word_1_198' title='bbox 843 3672 958 3741; x_wconf 87' lang='lat' dir='ltr'>adipisci</span> <span class='ocrx_word' id='word_1_199' title='bbox 976 3687 1032 3725; x_wconf 90' lang='lat' dir='ltr'>non</span> <span class='ocrx_word' id='word_1_200' title='bbox 1050 3672 1137 3740; x_wconf 89' lang='lat' dir='ltr'>potui.</span> 
     </span>
     <span class='ocr_line' id='line_1_26' title="bbox 205 3759 1236 3831; baseline -0.004 -15"><span class='ocrx_word' id='word_1_201' title='bbox 205 3763 233 3831; x_wconf 88' lang='lat'>8)</span> <span class='ocrx_word' id='word_1_202' title='bbox 252 3761 285 3816; x_wconf 88' lang='lat' dir='ltr'>de</span> <span class='ocrx_word' id='word_1_203' title='bbox 303 3761 406 3815; x_wconf 88' lang='lat' dir='ltr'>Valerii</span> <span class='ocrx_word' id='word_1_204' title='bbox 425 3761 514 3815; x_wconf 80' lang='lat' dir='ltr'>Flacci</span> <span class='ocrx_word' id='word_1_205' title='bbox 531 3761 619 3830; x_wconf 89' lang='lat' dir='ltr'>tropis</span> <span class='ocrx_word' id='word_1_206' title='bbox 638 3763 666 3814; x_wconf 88' lang='lat' dir='ltr'>ct</span> <span class='ocrx_word' id='word_1_207' title='bbox 684 3759 789 3827; x_wconf 84' lang='lat' dir='ltr'>figuris.</span> <span class='ocrx_word' id='word_1_208' title='bbox 830 3759 972 3827; x_wconf 83' lang='lat' dir='ltr'>Marburgi</span> <span class='ocrx_word' id='word_1_209' title='bbox 990 3760 1060 3813; x_wconf 90' lang='grc'>1878</span> <span class='ocrx_word' id='word_1_210' title='bbox 1078 3774 1123 3828; x_wconf 83' lang='lat' dir='ltr'>pg.</span> <span class='ocrx_word' id='word_1_211' title='bbox 1136 3761 1170 3812; x_wconf 83' lang='lat'>53</span> <span class='ocrx_word' id='word_1_212' title='bbox 1177 3775 1236 3828; x_wconf 88' lang='lat' dir='ltr'>sqq.</span> 
     </span>
     <span class='ocr_line' id='line_1_27' title="bbox 206 3849 1084 3920; baseline -0.002 -16"><span class='ocrx_word' id='word_1_213' title='bbox 206 3851 234 3920; x_wconf 82' lang='lat'>9)</span> <span class='ocrx_word' id='word_1_214' title='bbox 254 3850 377 3904; x_wconf 82' lang='lat' dir='ltr'>analecta</span> <span class='ocrx_word' id='word_1_215' title='bbox 394 3850 545 3905; x_wconf 86' lang='lat' dir='ltr'>Horatiana</span> <span class='ocrx_word' id='word_1_216' title='bbox 564 3851 748 3916; x_wconf 84' lang='lat' dir='ltr'>grammatica.</span> <span class='ocrx_word' id='word_1_217' title='bbox 785 3849 988 3903; x_wconf 82' lang='lat' dir='ltr'>Stralesundiac</span> <span class='ocrx_word' id='word_1_218' title='bbox 1006 3850 1084 3902; x_wconf 88' lang='grc'>1878.</span> 
     </span>
     <span class='ocr_line' id='line_1_28' title="bbox 205 3937 1202 4008; baseline -0.005 -15"><span class='ocrx_word' id='word_1_219' title='bbox 205 3941 233 4008; x_wconf 89' lang='lat'>0)</span> <span class='ocrx_word' id='word_1_220' title='bbox 252 3938 285 3993; x_wconf 87' lang='lat' dir='ltr'>dc</span> <span class='ocrx_word' id='word_1_221' title='bbox 303 3939 390 4008; x_wconf 84' lang='lat' dir='ltr'>tropis</span> <span class='ocrx_word' id='word_1_222' title='bbox 410 3943 437 3994; x_wconf 91' lang='lat' dir='ltr'>et</span> <span class='ocrx_word' id='word_1_223' title='bbox 454 3939 551 4007; x_wconf 86' lang='lat' dir='ltr'>figuris</span> <span class='ocrx_word' id='word_1_224' title='bbox 571 3938 643 4008; x_wconf 90' lang='lat' dir='ltr'>apud</span> <span class='ocrx_word' id='word_1_225' title='bbox 661 3937 808 3993; x_wconf 79' lang='lat' dir='ltr'>libullnm.</span> <span class='ocrx_word' id='word_1_226' title='bbox 847 3939 935 3992; x_wconf 86' lang='lat' dir='ltr'>Kiliae</span> <span class='ocrx_word' id='word_1_227' title='bbox 953 3937 1023 3992; x_wconf 89' lang='grc'>1881</span> <span class='ocrx_word' id='word_1_228' title='bbox 1042 3951 1087 4006; x_wconf 85' lang='lat' dir='ltr'>pg.</span> <span class='ocrx_word' id='word_1_229' title='bbox 1101 3937 1135 3988; x_wconf 85' lang='grc'>38</span> <span class='ocrx_word' id='word_1_230' title='bbox 1142 3953 1202 4005; x_wconf 89' lang='lat' dir='ltr'>sqq.</span> 
     </span>
     <span class='ocr_line' id='line_1_29' title="bbox 205 4026 1020 4098; baseline 0 -17"><span class='ocrx_word' id='word_1_231' title='bbox 205 4029 233 4098; x_wconf 90' lang='lat'>1)</span> <span class='ocrx_word' id='word_1_232' title='bbox 252 4026 285 4082; x_wconf 86' lang='lat' dir='ltr'>dc</span> <span class='ocrx_word' id='word_1_233' title='bbox 303 4030 412 4098; x_wconf 82' lang='lat' dir='ltr'>syntaxi</span> <span class='ocrx_word' id='word_1_234' title='bbox 431 4027 544 4083; x_wconf 88' lang='lat' dir='ltr'>Tibulli.</span> <span class='ocrx_word' id='word_1_235' title='bbox 581 4027 752 4095; x_wconf 86' lang='lat' dir='ltr'>Wirccburgi</span> <span class='ocrx_word' id='word_1_236' title='bbox 769 4026 839 4081; x_wconf 85' lang='grc'>1882</span> <span class='ocrx_word' id='word_1_237' title='bbox 858 4043 902 4096; x_wconf 83' lang='lat' dir='ltr'>pg.</span> <span class='ocrx_word' id='word_1_238' title='bbox 919 4028 954 4080; x_wconf 84' lang='lat'>38</span> <span class='ocrx_word' id='word_1_239' title='bbox 961 4043 1020 4096; x_wconf 85' lang='lat' dir='ltr'>sqq.</span> 
     </span>
    </p>

    <p class='ocr_par' dir='ltr' id='par_1_11' title="bbox 152 4113 1327 4273">
     <span class='ocr_line' id='line_1_30' title="bbox 187 4113 1327 4186; baseline -0.004 -16"><span class='ocrx_word' id='word_1_240' title='bbox 187 4118 233 4186; x_wconf 84' lang='lat'>12)</span> <span class='ocrx_word' id='word_1_241' title='bbox 252 4116 427 4171; x_wconf 77' lang='lat' dir='ltr'>delibatione</span> <span class='ocrx_word' id='word_1_242' title='bbox 445 4118 555 4185; x_wconf 85' lang='lat' dir='ltr'>linguae</span> <span class='ocrx_word' id='word_1_243' title='bbox 569 4115 686 4170; x_wconf 85' lang='lat' dir='ltr'>Graecas</span> <span class='ocrx_word' id='word_1_244' title='bbox 704 4118 732 4169; x_wconf 88' lang='lat' dir='ltr'>ct</span> <span class='ocrx_word' id='word_1_245' title='bbox 748 4115 861 4169; x_wconf 89' lang='lat' dir='ltr'>Latinae</span> <span class='ocrx_word' id='word_1_246' title='bbox 880 4116 1056 4169; x_wconf 88' lang='lat' dir='ltr'>collocatione</span> <span class='ocrx_word' id='word_1_247' title='bbox 1075 4113 1218 4167; x_wconf 83' lang='lat' dir='ltr'>verborum</span> <span class='ocrx_word' id='word_1_248' title='bbox 1237 4113 1327 4182; x_wconf 87' lang='lat' dir='ltr'>capita</span> 
     </span>
     <span class='ocr_line' id='line_1_31' title="bbox 152 4204 707 4273; baseline -0.004 -14"><span class='ocrx_word' id='word_1_249' title='bbox 152 4206 259 4260; x_wconf 81' lang='lat' dir='ltr'>selecta</span> <span class='ocrx_word' id='word_1_250' title='bbox 292 4204 440 4272; x_wconf 80' lang='lat' dir='ltr'>Gottingae</span> <span class='ocrx_word' id='word_1_251' title='bbox 458 4206 529 4258; x_wconf 83' lang='lat'>1884</span> <span class='ocrx_word' id='word_1_252' title='bbox 547 4220 591 4273; x_wconf 84' lang='lat' dir='ltr'>pg.</span> <span class='ocrx_word' id='word_1_253' title='bbox 607 4206 641 4258; x_wconf 83' lang='lat'>78</span> <span class='ocrx_word' id='word_1_254' title='bbox 648 4221 707 4273; x_wconf 89' lang='lat' dir='ltr'>sqq.</span> 
     </span>
    </p>
   </div>
   <div class='ocr_carea' id='block_1_4' title="bbox 187 3939 203 4081">
    <p class='ocr_par' dir='ltr' id='par_1_12' title="bbox 187 3939 203 4081">
     <span class='ocr_line' id='line_1_32' title="bbox 187 3939 203 3992; baseline 0 0"><span class='ocrx_word' id='word_1_255' title='bbox 187 3939 203 3992; x_wconf 89' lang='lat'>1</span> 
     </span>
     <span class='ocr_line' id='line_1_33' title="bbox 187 4029 203 4081; baseline 0 0"><span class='ocrx_word' id='word_1_256' title='bbox 187 4029 203 4081; x_wconf 93' lang='lat'>1</span> 
     </span>
    </p>
   </div>
   <div class='ocr_carea' id='block_1_5' title="bbox 1148 4311 1160 4363">
    <p class='ocr_par' dir='ltr' id='par_1_13' title="bbox 1148 4311 1160 4363">
     <span class='ocr_line' id='line_1_34' title="bbox 1148 4311 1160 4363; baseline 0 0"><span class='ocrx_word' id='word_1_257' title='bbox 1148 4311 1160 4363; x_wconf 88' lang='lat'>1</span> 
     </span>
    </p>
   </div>
   <div class='ocr_carea' id='block_1_6' title="bbox 0 0 1488 4852">
    <p class='ocr_par' dir='ltr' id='par_1_14' title="bbox 0 0 1488 4852">
     <span class='ocr_line' id='line_1_35' title="bbox 0 0 1488 4852; baseline 0 0"><span class='ocrx_word' id='word_1_258' title='bbox 0 0 1488 4852; x_wconf 95' lang='lat' dir='ltr'> </span> 
     </span>
    </p>
   </div>
  </div>
 </body>
</html>
