2962 4852
689 366 725 427 11

120 580 167 645 pr.
193 559 324 623 relativo
346 580 408 623 nou
433 579 500 622 esse
516 557 780 643 coniungendam,
805 559 901 621 immo
924 565 1049 646 poetam
1073 566 1173 624 totum
1196 580 1292 623 enun-

35 706 38 710 -
120 667 239 730 tiatum'
257 667 425 730 relativum
448 666 538 750 quasi
567 686 666 728 unum
689 663 876 728 attributum
900 664 1058 730 addidisse
1086 667 1291 747 substantivo,

121 771 205 856 quod
220 794 331 836 sanes
354 778 468 836 natura
483 771 656 834 sententiae
680 770 833 834 relativae
856 771 1015 836 facillume
1033 772 1156 836 admitti
1180 771 1291 858 potuit.

121 970 335 978 ῃ

121 1086 180 1155 ipse
197 1086 285 1141 sensit
303 1085 383 1154 (conf.
397 1102 441 1157 pg.
455 1087 513 1156 VI).
544 1086 616 1141 idem
635 1103 717 1156 quam
735 1089 844 1156 premit,
864 1090 993 1158 repetitio
1012 1090 1180 1145 substantivi
1197 1091 1292 1146 itidem

120 1178 221 1245 natura
239 1176 330 1245 legum
349 1177 482 1231 contineri
500 1176 570 1229 mihi
588 1175 712 1231 videtur:
738 1177 811 1246 quod
828 1178 897 1247 legis
917 1179 1034 1248 scriptor
1053 1180 1166 1234 maxime
1185 1197 1293 1249 operam

120 1263 169 1318 dat
196 1268 228 1319 ut
256 1263 464 1331 ambiguitatem
493 1265 709 1334 qualemcunque
734 1265 827 1319 evitet.
866 1268 965 1321 omitto
991 1267 1063 1336 quod
1088 1268 1204 1337 scriptor
1222 1269 1293 1335 legis

123 1354 203 1423 qnasi
232 1353 340 1422 cogitur
365 1350 447 1422 qua'm
470 1370 526 1407 rem
552 1353 695 1407 enuntiato
722 1353 835 1407 relativo
855 1350 1002 1423 praemisso
1021 1342 1144 1409 nominat
1162 1372 1196 1409 ne
1213 1358 1294 1411 verba

121 1442 246 1497 difficilia
263 1442 321 1496 sint
339 1442 373 1496 ad
392 1440 614 1510 intellegendum,
637 1441 748 1496 eandem
767 1460 823 1497 rem
835 1443 936 1498 iterum
957 1445 1095 1514 appellare
1112 1447 1142 1498 in
1156 1448 1294 1501 sententia
1339 1504 1343 1512 ,

121 1532 334 1587 demonstrativa
353 1547 422 1602 quae
440 1532 579 1600 sequitur:
610 1531 665 1584 alia
683 1532 758 1600 ipsae
776 1531 880 1586 habent
898 1532 1092 1601 inscriptiones
1111 1533 1213 1602 quibus
1232 1538 1294 1603 apte

121 1621 323 1676 demonstretur
349 1620 422 1691 quod
440 1620 576 1675 contendi.
613 1621 753 1674 observare
771 1621 836 1675 licet
854 1638 910 1675 non
929 1621 1031 1690 ubique
1050 1622 1207 1691 scriptorem
1225 1623 1294 1691 legis

122 1707 295 1763 substantiva
313 1709 420 1776 iterare,
446 1707 494 1762 sed
512 1712 585 1762 certa
604 1708 720 1777 quadarn
739 1709 856 1763 ratione:
883 1709 953 1763 solet
972 1709 1044 1762 enim
1063 1709 1161 1764 iterare
1179 1712 1291 1765 nomina

122 1814 213 1852 rernm
231 1797 331 1868 quibus
349 1796 456 1868 pondus
474 1799 548 1852 inest
560 1798 637 1852 velut
655 1797 687 1851 de
706 1798 807 1867 quibus
826 1800 1019 1866 constituitur;
1039 1800 1214 1855 substantiva
1230 1818 1293 1858 vero

88 1878 95 1888 '¹
121 1903 177 1941 non
195 1888 284 1941 solum
301 1886 455 1957 pronomini
479 1890 507 1941 et
531 1887 645 1941 relativo
670 1890 698 1941 et
717 1885 930 1949 demonstrativo
949 1887 1034 1956 addit,
1059 1888 1105 1942 sed
1122 1877 1155 1928 ἑ-
1172 1889 1202 1943 id
1220 1890 1294 1960 quod

121 1976 234 2030 minime
251 1975 448 2045 neglegendum
468 1979 509 2030 est
529 2007 563 2014 -
582 1975 739 2045 ubicunque
758 1992 801 2029 res
821 1975 921 2046 deque
939 1978 1030 2045 agitur
1049 1980 1173 2046 occurrit,
1196 1995 1294 2033 nomen

109 2056 182 2119 'cius
201 2082 257 2119 una
274 2082 335 2120 cum
349 2082 389 2134 pr.
404 2064 617 2119 demonstrativo
637 2064 713 2119 affert
731 2065 850 2120 velutin
867 2066 927 2132 lege
945 2066 1050 2132 maria
1068 2064 1163 2134 (CILI
1183 2069 1235 2120 200
1248 2069 1293 2136 27)

123 2159 180 2223 quei
196 2176 260 2226 ager
277 2177 308 2210 cx
320 2156 439 2225 [πίῃσθα
458 2160 485 2207 in
498 2160 625 2224 publicum
644 2167 805 2208 covnmutatus
823 2166 873 2208 cst.
885 2155 989 2223 .]..de
1006 2175 1030 2208 ec
1049 2175 1113 2225 agro
1131 2158 1231 2224 siremps
1255 2160 1295 2209 lex

122 2256 177 2309 esto,
196 2250 301 2314 quamsi
318 2250 340 2297 is
357 2265 420 2315 ager
432 2250 463 2297 P.
482 2248 567 2297 Mucio
585 2249 615 2297 L.
635 2244 787 2313 C[alpurmir
806 2264 850 2296 cos.
871 2249 986 2312 publicus
996 2243 1116 2314 suerit];
1136 2243 1205 2296 conf.
1225 2244 1294 2311 legis
1334 2298 1341 2311 ,

122 2332 210 2388 Iuliae
229 2332 357 2402 municip.
378 2332 473 2402 capii
491 2332 604 2401 (ibidem
618 2334 689 2401 206),
708 2332 810 2386 similia
823 2333 986 2402 saepissime.
1006 2349 1061 2385 non
1075 2333 1158 2387 iterat
1177 2334 1294 2403 scriptor

122 2422 190 2490 legis
209 2439 307 2476 nomen
331 2423 370 2476 rei
394 2421 546 2476 subsicivae
571 2422 614 2490 (ut
639 2422 848 2490 magistratuum
875 2424 998 2492 quirem
1023 2427 1118 2490 agunt,
1142 2423 1232 2491 legum
1251 2423 1294 2477 vel

122 2510 326 2580 plebiscitorum
340 2527 409 2581 quae
421 2515 612 2579 memorantur,
632 2511 705 2580 alia),
725 2509 772 2564 sed
790 2511 859 2565 satis
877 2512 961 2565 habet
979 2511 1182 2567 substantivum
1201 2512 1293 2566 addito

122 2600 165 2654 vel
185 2600 285 2654 omisso
303 2617 344 2669 pr.
371 2600 584 2654 demonstrativo
610 2600 693 2653 semel
717 2600 840 2670 posuisse
865 2602 895 2654 in
919 2602 1056 2655 sententia
1081 2602 1295 2655 demonstrativa

124 2706 193 2759 quae
211 2688 356 2758 praecedit.
386 2690 501 2758 (egregie
520 2694 591 2743 errat
609 2689 776 2743 Paetzoltius
790 2689 839 2758 qui
857 2691 931 2742 hunc
950 2705 1030 2758 quem
1049 2689 1116 2744 dicit
1135 2690 1293 2760 posterioris

122 2777 253 2846 temporis
280 2792 361 2830 usum
383 2795 424 2847 pr.
450 2779 559 2833 relativi
583 2778 721 2833 rarissime
745 2778 775 2831 in
793 2778 1020 2846 inscriptionibus
1040 2780 1157 2834 inveniri
1177 2779 1294 2833 affirmat

122 2866 218 2934 pg.V).
238 2865 331 2935 itaque
343 2867 374 2920 in
385 2866 444 2935 lege
458 2866 547 2921 Acilia
561 2871 644 2937 repet.
669 2868 801 2921 habemus
816 2871 858 2921 ter
870 2868 924 2936 (12,
938 2868 981 2934 62,
994 2867 1042 2932 683
1063 2866 1131 2920 conf.
1145 2867 1189 2936 61)
1205 2871 1232 2919 in
1245 2872 1295 2920 die·

122 2961 168 3007 bus
184 2971 212 3009 11,
226 2961 370 3024 promemeis
387 2961 484 3025 quibus,
511 2957 544 3009 21
569 2978 599 3010 ex
623 2979 647 3010 ec
665 2961 705 3010 die
723 2978 778 3026 quc,
804 2957 837 3009 6ss
857 2977 887 3010 cx
904 2977 932 3009 ea
950 2960 991 3008 die
1008 2976 1068 3024 quc,
1098 2953 1146 3007 sed
1163 2955 1197 3007 63
1216 2955 1246 3007 in
1265 2971 1294 3007 eo

123 3042 212 3112 capite
230 3045 275 3099 cui
294 3045 458 3114 inscriptum
472 3050 513 3099 est
532 3044 584 3114 ‘[de
602 3049 723 3114 tempore
742 3045 859 3114 stat]uto
877 3042 1016 3096 servando’
1035 3042 1194 3110 (Brunsium
1213 3041 1251 3110 [to
1273 3044 1293 3096 t.

123 3132 176 3187 iur.
195 3133 301 3204 Rom]
327 3138 436 3188 secutus
461 3150 535 3199 sum3
560 3135 743 3188 Momnrsenus
766 3133 835 3200 legit
862 3131 915 3201 ‘[de
933 3132 1050 3202 tribtho
1069 3130 1218 3201 servando’)
1241 3137 1297 3184 aecci

123 3243 151 3276 ea
168 3228 219 3277 diss
236 3229 331 3278 venerit
348 3245 395 3293 quc
418 3229 458 3277 die
477 3229 539 3277 iusti
555 3235 630 3278 crunt
647 3228 727 3275 adesse
745 3224 773 3275 et
792 3239 817 3290 q.
834 3237 855 3274 s.
872 3251 906 3259 —
924 3222 990 3273 haec
1009 3236 1077 3288 quac
1095 3221 1200 3288 protuli
1224 3222 1295 3275 mihi

123 3313 192 3366 satis
219 3314 349 3368 momenti
377 3330 435 3367 esse
461 3313 589 3367 videntur
612 3316 645 3366 nt
670 3312 746 3365 iliam
771 3311 939 3364 substantivi
963 3310 1156 3378 repetitionem
1175 3311 1295 3365 effectam

124 3417 182 3456 esse
200 3401 317 3457 iudicem
336 3404 443 3458 ratione
462 3403 561 3470 legum.
582 3407 746 3471 optumeque
766 3401 892 3454 convenit
911 3399 984 3469 quod
1002 3400 1122 3469 exsnrpla
1139 3400 1223 3454 huius
1243 3418 1296 3454 ser-

124 3491 212 3546 monis
223 3493 267 3545 vix
285 3477 465 3548 inveniuntur
484 3492 555 3562 apud
567 3493 669 3561 priscos
689 3492 843 3560 scriptores,
862 3489 896 3544 ad
915 3506 982 3559 quos
1002 3493 1096 3543 contra
1113 3488 1295 3543 Paetzoltium

124 3596 179 3633 non
192 3581 277 3637 refero
291 3586 427 3637 auctorem
440 3582 474 3636 ad
483 3583 656 3636 Herennium.
683 3582 805 3652 quinque
817 3583 927 3634 tantum
941 3580 989 3633 ille
1001 3578 1085 3633 habet
1096 3579 1169 3632 locos
1183 3578 1294 3647 (pg.V):

123 3669 214 3725 Plaut.
233 3671 292 3726 Mil.
311 3672 373 3739 140,
392 3670 532 3737 Oas.154;
557 3670 663 3725 Terent.
684 3670 735 3724 Ad.
752 3672 819 3733 8543
845 3668 912 3723 Cato
926 3686 946 3723 r.
961 3686 982 3722 r.
998 3669 1059 3735 136,
1075 3668 1136 3721 ris.
1161 3665 1209 3720 sed
1228 3683 1295 3736 quae

124 3757 191 3814 (lato
209 3761 228 3815 l.
248 3776 283 3814 m.
302 3759 413 3828 profert,
432 3758 574 3813 iudicialis
592 3763 671 3825 sunt;
697 3775 728 3813 ex
746 3758 840 3813 Plauti
860 3756 989 3825 exemplis
1009 3757 1125 3810 alterum
1145 3756 1216 3825 (Cas.
1232 3756 1294 3823 154)

123 3847 204 3917 plane
227 3867 283 3905 non
311 3850 435 3921 quadrat,
461 3851 577 3904 alterum
596 3848 664 3918 (Mil.
681 3849 745 3917 140)
764 3847 841 3901 male.
880 3846 1001 3914 exempla
1024 3861 1086 3899 roro
1112 3860 1180 3914 quae
1206 3842 1294 3895 ecdem

123 3938 202 4007 pg.V
215 3940 312 3995 attulit
328 3939 494 3994 substantivi
508 3938 609 4005 iterati,
627 3936 721 3990 omissi
735 3953 776 4005 pr.
787 3933 994 3988 demonstrativi
1005 3937 1036 3987 ut
1045 3933 1135 3987 Plaut.
1152 3931 1231 3985 Merc.
1242 3931 1295 3985 100

124 4032 226 4081 advenit
247 4035 337 4084 mulier
361 4052 411 4100 qua
436 4034 537 4083 muliere
561 4033 614 4080 alia
637 4032 735 4080 nullast
752 4029 869 4095 pulcrior
892 4024 993 4092 partim
1019 4023 1120 4091 (Plani.
1139 4021 1213 4074 'l'rin¹
1234 4022 1294 4079 305,

123 4116 294 4183 Rud.123i;
318 4117 425 4173 Terent.
445 4117 543 4170 Heaut.
561 4118 603 4183 20,
626 4116 734 4169 Phorm.
752 4115 800 4179 323
826 4143 859 4152 -
877 4113 946 4166 Enn.
966 4111 1059 4165 Alxdr.
1080 4109 1131 4177 frg.
1149 4107 1258 4163 bitibb.

123 4210 192 4275 trag.
208 4206 316 4278 92sq.V
337 4205 390 4260 lab.
407 4207 441 4258 35
449 4222 488 4276 sq.
495 4205 534 4274 Μ)
560 4204 652 4259 eodem
674 4204 752 4258 modo
771 4200 928 4273 explicanda
947 4204 1012 4255 sunt
1031 4216 1084 4271 qno
1103 4199 1186 4253 Ennii
1205 4199 1294 4252 locum
