2962 4852
675 686 813 783 VITA

265 1003 368 1068 Natus
392 1025 462 1067 sum
486 1004 643 1068 Iohannes
666 1003 817 1068 Matthias
839 1002 1030 1066 Heitnmann
1052 1001 1257 1067 Esclrweilori
1280 1005 1331 1068 die

159 1111 258 1175 XVII
280 1111 394 1175 mensis
416 1108 554 1196 Augusti
576 1132 604 1174 a.
624 1109 834 1173 MDOooLV
856 1116 945 1194 patre
967 1108 1128 1173 Matthaeo
1150 1117 1250 1173 matre
1270 1109 1332 1173 Ur-

158 1217 268 1280 sulae
292 1223 386 1301 gente
409 1216 572 1302 Linnartz;
603 1217 658 1280 hos
682 1216 775 1280 ambo
799 1222 831 1281 ot
854 1237 1021 1280 novercam
1045 1217 1237 1280 carissimam
1261 1214 1328 1280 Eli-

158 1323 270 1387 sabeth
294 1344 311 1386 e
342 1330 437 1408 gente
462 1323 559 1388 Otten
584 1323 746 1387 defunctos
770 1344 837 1387 esse
861 1323 1065 1387 vehementer
1089 1323 1189 1387 doleo.
1236 1322 1331 1387 fidem

159 1430 305 1516 profiteor
323 1431 518 1495 catholicam.
550 1431 706 1495 elementa
723 1435 890 1516 postquam
907 1430 939 1493 in
959 1429 1034 1493 ludo
1053 1429 1206 1493 litterario
1226 1429 1330 1513 didici,

158 1538 297 1601 scholam
320 1538 513 1624 superiorem
536 1538 568 1601 in
592 1538 693 1624 patria
714 1537 912 1622 frequentavi
929 1544 961 1601 et
984 1558 1040 1624 per
1062 1559 1179 1601 annum
1198 1558 1331 1622 gymna-

158 1645 239 1708 sium
258 1643 516 1729 Aquisgranense
538 1665 579 1707 ex
603 1665 664 1728 quo
684 1664 828 1728 egressus
851 1664 921 1705 sum
940 1648 976 1705 ut
999 1663 1048 1705 me
1067 1642 1225 1706 traderem
1248 1665 1330 1708 mer·

157 1758 284 1814 caturae
308 1751 414 1836 patris.
448 1748 631 1836 parentibus
652 1750 780 1813 orbatus
804 1756 874 1835 post
895 1771 951 1813 sex
974 1770 1070 1812 annos
1094 1749 1199 1813 studia
1217 1751 1329 1836 repetii

157 1857 283 1942 odiique
302 1863 420 1921 aestate
440 1878 468 1922 a.
486 1855 782 1920 MDOOOLXXIX
801 1857 1000 1942 gymnasium
1020 1856 1192 1941 Saarburgi
1213 1858 1330 1922 Lotlra·

158 1965 332 2047 ringiorum
369 1964 425 2027 ubi
457 1965 581 2050 optimis
613 1971 645 2028 et
677 1985 755 2048 erga
790 1985 841 2028 me
873 1963 1107 2028 humanissimis
1147 1986 1222 2028 usus
1260 1986 1330 2028 sum

160 2069 425 2156 praeceptoribus.
479 2071 656 2134 testimonio
696 2071 884 2135 maturitatis
929 2073 1069 2135 munitus
1109 2077 1259 2134 autumno
1300 2094 1328 2136 a.

157 2174 452 2240 MDCOCLXXXI
471 2176 573 2239 almae
595 2177 806 2242 universitatis
826 2177 1000 2241 Bonnensis
1017 2177 1098 2240 subii
1120 2177 1327 2264 disciplinam.

157 2282 329 2347 docuerunt
353 2304 404 2347 me
424 2283 482 2347 viri
512 2283 674 2347 clarissimi
699 2283 854 2347 Aufrecht
881 2283 1058 2347 Buecheler
1081 2283 1171 2348 Dore
1200 2285 1328 2351 Kekule

156 2389 253 2454 Klein
271 2390 434 2455 Luebbert
451 2389 718 2455 Maurenbrecher
735 2389 859 2456 Menzel
877 2390 1084 2456 Neuhaouser
1106 2391 1220 2456 Nissen
1245 2392 1329 2458 Rein

156 2496 259 2560 Ritter
288 2496 436 2560 Sohaefer
459 2496 583 2561 Usener
606 2497 718 2562 Witte.
748 2503 783 2561 ut
810 2498 842 2560 in
871 2498 1073 2562 seminarium
1102 2499 1327 2585 philologicum

155 2603 310 2688 reciperer
339 2603 469 2688 eiusque
495 2625 596 2668 essem
618 2626 674 2690 per
702 2605 762 2668 tria
789 2607 973 2668 semenstris
999 2605 1114 2670 sodalis
1142 2607 1327 2691 ordinarius,

154 2710 342 2774 Buecheleri
367 2717 398 2775 et
423 2710 598 2775 Luebberti
617 2711 770 2795 singulari
794 2733 870 2796 erga
892 2732 943 2775 me
967 2712 1187 2776 benevolentia
1210 2712 1327 2779 factum

155 2825 212 2882 est.
237 2817 404 2881 seminario
428 2817 574 2882 historico
598 2817 681 2903 quod
712 2838 768 2903 per
798 2819 922 2882 sexiens
951 2839 1008 2882 sex
1037 2839 1160 2882 menses
1188 2820 1327 2904 interfui,

155 2923 257 2988 Dovei
274 2924 400 2990 Nisseni
420 2923 535 2989 Rittori
553 2923 712 2988 Sohaefori
731 2946 899 3011 prosperae
920 2925 952 2988 in
974 2946 1024 2989 me
1045 2925 1201 2988 voluntati
1216 2927 1326 2993 debeo.

154 3032 428 3098 exercitationibus
456 3033 519 3096 suis
547 3031 684 3116 benigne
711 3053 762 3095 me
790 3032 983 3096 admiserunt
1012 3031 1221 3118 epigraphiois
1244 3034 1327 3098 Bue-

154 3139 274 3224 cheler,
304 3139 526 3227 philosophicis
549 3138 767 3203 Neuhaeuser.
815 3137 929 3223 quibus
960 3139 1034 3203 viris
1069 3141 1187 3226 optime
1217 3141 1256 3205 de
1276 3162 1326 3204 me

154 3247 271 3309 moritis
302 3246 419 3330 gratias
443 3267 503 3330 ago
529 3266 624 3330 quarn
653 3247 822 3331 maximas3
847 3246 1015 3332 praecipue
1040 3268 1114 3310 vero
1138 3247 1326 3315 Buecheleri

153 3352 326 3417 Luebborti
349 3350 475 3416 Nisseni
494 3352 628 3416 Useneri
653 3354 836 3418 memoriam
859 3353 1054 3438 pientissimo
1082 3375 1206 3441 semper
1222 3354 1326 3418 animo

153 3458 264 3522 colam.
