2962 4852
642 342 807 431 ΝΤ-

153 564 237 650 quod
261 564 300 628 de
324 561 446 627 Lucilio
470 569 501 626 et
523 562 632 625 Persio
656 562 804 627 adnotavi
827 601 868 610 —
892 562 925 626 in
949 563 1165 647 quaestionem
1187 566 1322 632 vocabo:

152 672 289 757 primum
313 670 395 754 quod
420 676 455 733 ut
471 675 571 732 artem
594 669 806 734 collocationis
830 669 1084 755 progredientem
1099 693 1324 756 cognoscamus

153 777 353 860 definiamus,
377 777 542 864 permagni
564 777 590 839 is
622 783 669 840 est
698 778 847 841 momenti
875 778 928 862 qui
952 779 1070 864 primus
1094 779 1207 844 Latine
1230 802 1324 845 versu

152 885 247 949 heroo
271 885 378 948 Musas
402 884 522 968 citavit3
559 883 673 948 deinde
698 905 770 947 cum
793 883 888 948 Ennii
919 906 1019 970 aeque
1050 907 1086 950 ao
1110 887 1225 951 Lucilii
1257 889 1324 952 sola

152 990 286 1054 frustula
317 990 432 1054 tradita
461 991 532 1072 sint,
564 987 659 1052 Ennii
690 991 810 1054 ratione
827 991 949 1075 *habita
979 992 1112 1057 efficitur
1141 1001 1177 1059 ut
1208 997 1325 1059 certius

153 1104 186 1161 et
208 1098 312 1161 verius
336 1097 475 1161 iudicare
498 1096 651 1182 pessimus
678 1097 717 1160 de
741 1096 854 1160 Lucilii
882 1099 1024 1162 versibus
1047 1121 1124 1183 quos
1147 1108 1183 1165 ut
1206 1103 1323 1166 rudera

154 1211 227 1268 sunt
249 1204 333 1267 male
357 1203 488 1289 dilapsa,
513 1204 595 1289 ipsos
619 1224 681 1266 non
705 1203 798 1267 liceat
822 1205 972 1269 adhibere
996 1206 1054 1269 nisi
1078 1215 1169 1272 caute
1184 1212 1217 1292 ¹).

259 1310 338 1374 haec
361 1310 400 1374 de
427 1311 536 1396 poetic.
579 1310 748 1395 inquibus
780 1312 1025 1397 pertemptandis
1049 1335 1110 1397 quo
1140 1315 1233 1380 modo
1256 1337 1324 1380 rem

153 1423 291 1481 nostram
322 1437 564 1503 persequamur,
596 1418 659 1480 iam
692 1439 857 1504 exponam.
898 1419 951 1503 qui
983 1420 1086 1484 adhue
1115 1422 1148 1484 in
1179 1443 1217 1487 ea
1251 1423 1322 1509 plus

154 1523 314 1607 agitaruut
352 1523 565 1604 (Gebhardius
579 1527 605 1606 2)
643 1523 785 1587 Fisohius
799 1527 847 1606 3))‚
888 1525 1073 1590 attributum
1104 1534 1325 1613 spectaverunt

153 1631 335 1694 universum
359 1651 462 1715 neque
495 1632 705 1695 distinxerunt
735 1632 922 1695 attributum
950 1633 1033 1717 quod
1061 1641 1108 1697 cst
1135 1635 1326 1700 adiectivum

154 1739 303 1821 (rnagnus
321 1738 483 1820 Olympus)
500 1731 540 1802 ab
564 1759 600 1802 eo
625 1738 708 1823 quod
732 1745 779 1802 est
802 1738 1033 1803 substantivum
1056 1741 1131 1818 (rex
1151 1741 1324 1804 Codrus*

149 1847 281 1928 patriae
296 1850 418 1928 custos),
439 1846 669 1910 substantivum
690 1868 761 1910 cum
778 1847 1007 1932 praepositione
1024 1848 1224 1919 coniunctum
1246 1849 1326 1928 (tres

153 1974 175 2016 a
197 1955 395 2018 Deucalione
421 1954 580 2036 grabati),
611 1952 797 2016 adverbium
827 1954 945 2032 (esuries
977 1955 1063 2017 circa
1088 1956 1224 2037 populi).
1269 1954 1325 2018 sed

156 2061 239 2145 quod
261 2059 391 2123 fortasse
415 2060 452 2122 iis
474 2059 619 2123 lubenter
642 2060 821 2123 conceditur
838 2062 891 2144 qui
915 2062 1089 2144 generatim
1110 2083 1209 2124 unum
1225 2083 1325 2146 genus

156 2166 365 2231 collocationis
382 2167 522 2250 aggressi
546 2172 628 2248 sunt,
653 2167 747 2251 plane
763 2166 885 2229 admitti
910 2187 972 2229 nen
996 2173 1098 2252 potest
1121 2168 1323 2253 disputationi

155 2274 292 2362 speciali.
328 2296 367 2337 an
384 2273 462 2336 nihil
483 2275 632 2336 interesse
649 2272 749 2335 credis
772 2273 797 2335 si
815 2273 854 2337 de
878 2272 1071 2337 substantivo
1091 2273 1213 2357 dnobus
1234 2275 1320 2338 attri-

155 2382 239 2445 butis
254 2389 362 2446 ornato
379 2383 512 2466 agimus,
536 2388 642 2444 utrum
658 2379 813 2444 adiectiva
837 2400 967 2442 munere
984 2379 1126 2444 attributi
1149 2380 1323 2464 fungantur

155 2511 196 2553 an
219 2490 415 2553 substantiva
438 2489 624 2573 (genetivi)?
657 2508 772 2550 verene
801 2487 880 2548 nihil
906 2485 1011 2550 differt
1034 2487 1116 2550 inter
1139 2487 1325 2551 attributum

155 2596 299 2661 adiectivi
329 2601 360 2659 et
389 2595 573 2659 attributum
608 2594 795 2657 substantivi
825 2593 876 2656 vel
910 2592 1053 2657 adverbii
1088 2595 1113 2656 si
1145 2584 1347 2679 quaerimus⁸

155 2702 194 2766 de
215 2702 363 2766 attributo
386 2703 557 2787 praemisse
577 2701 756 2786 postposite,
785 2702 810 2763 si
831 2699 871 2763 de
892 2700 1087 2764 substantivo
1113 2708 1145 2764 et
1171 2701 1321 2764 attributo

154 2808 316 2873 disiunctis
342 2808 516 2871 distributis
541 2828 597 2892 per
623 2828 721 2870 unum
746 2807 891 2892 pluresve
917 2809 1047 2871 versus?
1083 2830 1146 2892 qua
1176 2829 1209 2871 re
1236 2809 1323 2871 attri-

154 2916 301 2980 butorum
319 2937 436 2999 genera
452 2915 576 2999 singula
599 2935 710 2978 censeo
734 2936 801 2977 esse
824 2914 998 2995 tractanda,
1023 2915 1150 2998 singula
1172 2914 1323 2977 tractabo.

154 3044 191 3086 ac
207 3024 342 3108 primum
359 3023 486 3107 quidem
502 3021 581 3084 illud
598 3021 681 3104 quod
706 3027 752 3083 est
775 3027 806 3083 et
822 3021 1048 3105 amplissimum
1065 3021 1324 3105 copiosissimum-

155 3150 216 3214 que
240 3130 333 3194 etde
358 3151 419 3214 quo
450 3152 520 3193 eum
551 3150 651 3213 nuper
681 3129 774 3213 plane
805 3149 886 3191 nova
909 3126 1110 3190 didicerimus
1121 3132 1157 3209 4),
1183 3120 1325 3212 quaestio

207 3328 235 3395 1)
254 3327 297 3380 his
318 3325 484 3378 editionibus
504 3341 569 3377 usus
592 3341 664 3376 sum:
689 3323 827 3375 Ennianae
846 3323 934 3389 poesis
948 3323 995 3375 rel.
1016 3338 1066 3375 rec.
1082 3322 1197 3374 loannes
1209 3321 1326 3375 Vahlen.

154 3414 263 3484 Lipsiae
282 3415 364 3477 18543
391 3413 420 3478 Q.
440 3414 513 3466 Enni
533 3414 681 3467 carminum
700 3412 747 3464 rel.
768 3411 869 3464 emend.
885 3412 1020 3464 Lucienus
1034 3411 1156 3464 Mueller.
1188 3411 1327 3480 Petropoli

153 3505 231 3559 1884.
246 3535 280 3543 -
293 3504 321 3557 C.
335 3504 435 3556 Lucilii
455 3508 504 3556 sat.
520 3502 621 3555 emend.
636 3500 749 3554 Carolus
762 3501 959 3552 Lachmannus.
992 3500 1212 3563 Berolini18l6;
1233 3498 1261 3552 O.
1275 3498 1327 3551 Lu-

154 3593 201 3647 cili
220 3596 270 3646 sat.
286 3594 332 3646 rel.
352 3592 453 3644 cruend.
468 3593 601 3645 Lucienus
621 3590 743 3643 Mueller.
781 3589 889 3656 Lipsiae
908 3591 985 3641 1872.
1007 3617 1040 3624 -
1058 3588 1157 3639 Horati
1176 3603 1256 3655 opera
1277 3604 1326 3641 ree.

155 3681 220 3736 Otto
238 3682 330 3735 Keller
349 3686 376 3734 et
390 3680 517 3733 Alfrcdus
530 3679 639 3732 Heldcr.
671 3678 777 3745 Lipsiae
790 3677 868 3729 lacu.
884 3707 917 3714 -
932 3676 963 3729 Α.
984 3677 1071 3728 Persii
1090 3675 1179 3728 Flacci
1199 3676 1231 3728 D.
1251 3675 1326 3728 Iunii

154 3770 291 3823 luvenalis
309 3773 359 3822 sat.
374 3785 423 3821 rec.
439 3768 503 3822 Otto
517 3769 597 3822 Jahn.
630 3766 751 3820 Beroliui
763 3766 846 3825 186&
867 3766 1013 3819 editionem
1027 3765 1139 3818 alteram
1154 3781 1169 3816 a
1182 3764 1325 3816 Francisco

153 3858 316 3912 Buechelero
336 3862 456 3911 curatam
476 3857 591 3910 adhibui
610 3873 640 3909 er
660 3872 713 3925 qno
733 3855 839 3924 publici
857 3856 925 3908 iuris
946 3858 1017 3908 tacta
1036 3859 1085 3908 est.

208 3950 235 4016 2)
255 3946 324 4000 conf.
344 3951 417 4015 pg.5
438 3946 526 4000 adnot.
543 3951 567 3999 ll.

208 4039 235 4106 3)
254 4038 322 4089 conl.
342 4052 385 4103 pg.
401 4039 416 4087 5
437 4036 526 4089 adnot.
543 4040 565 4087 5.

208 4128 236 4195 4)
256 4125 323 4178 conf.
347 4124 419 4177 Dict.
433 4125 535 4191 lthode,
556 4124 717 4176 adiectivum
737 4139 790 4191 qne
809 4122 902 4175 ordine
916 4121 988 4190 apud
1007 4120 1148 4174 Caesarem
1167 4125 1194 4174 et
1213 4121 1242 4173 in
1257 4118 1327 4173 Cice-

154 4216 232 4269 ronis
254 4214 424 4269 orationibus
444 4214 616 4267 coniunctum
636 4212 674 4265 sit
693 4228 752 4265 cum
773 4210 952 4264 substantivo.
990 4210 1142 4276 Hambnrgi
1160 4210 1238 4262 1884.
