2962 4852
725 364 764 427 15

154 556 224 619 illes
249 576 391 618 enarrem
416 555 632 640 exemplisque
662 556 826 621 illustrem.
873 577 909 620 ae
939 556 1041 642 priore
1066 557 1195 641 quidem
1223 546 1326 642 capite

154 683 216 725 non
233 661 348 724 curabo
373 660 487 746 quibus
511 661 584 724 locis
602 683 750 726 versuum
773 663 970 726 substantiva
985 669 1017 726 et
1040 662 1195 727 adiectiva
1218 665 1327 747 legan-

154 776 216 852 tur,
241 770 339 833 altero
363 769 461 832 solam
477 789 591 852 sequar
615 769 769 832 rationem
792 769 894 834 metri.
925 791 986 854 quo
1010 769 1091 834 facto
1115 769 1326 833 fundamentis
1375 808 1377 813 >

154 876 263 963 positis
285 875 407 938 facilius
423 874 572 961 procedet
594 875 765 962 disputatio
789 876 829 940 ad
853 882 957 941 cetera
972 877 1004 958 1).

564 1285 708 1366 clrur
735 1286 922 1367 PRIMUM

262 1501 356 1565 Multi
379 1508 452 1564 sunt
476 1523 511 1564 ao
535 1502 612 1565 varii
641 1501 726 1564 modi
750 1501 948 1585 rationesque
972 1522 1073 1564 nexus
1097 1508 1128 1564 et
1151 1500 1326 1564 collocatio·

155 1610 204 1673 nis
220 1609 487 1672 substantivorum
500 1630 600 1694 eaque
612 1610 828 1673 comitantium
841 1609 1076 1673 adiectivorum.
1094 1607 1326 1670 substantivum

154 1716 353 1799 coniungitur
383 1716 437 1778 uni
467 1715 590 1779 duobus
620 1716 763 1801 pluribus
787 1715 949 1780 adiectivis
980 1722 1035 1778 cut
1058 1715 1248 1779 adiectivum
1272 1715 1326 1777 uni

154 1822 277 1887 duobus
301 1822 513 1907 compluribus
537 1822 757 1906 substantivis3
782 1822 1016 1885 substantivum
1039 1821 1130 1884 sicui
1154 1821 1210 1884 uui
1226 1842 1326 1883 unum

155 1928 305 1993 adhaeret
328 1928 517 1992 adiectivum
542 1967 582 1975 -
607 1936 642 1992 ut
672 1929 711 1992 dc
742 1929 800 1992 boc
831 1935 954 1992 tantum
978 1928 1080 1991 dicam
1105 1965 1145 1973 —
1172 1927 1326 1991 adieetivo

154 2036 353 2121 anteponitur
382 2041 437 2098 aut
469 2035 657 2099 adieetivum
694 2035 907 2119 substantivo;
948 2035 1178 2098 substantivum
1209 2040 1241 2097 et
1271 2034 1326 2097 ad·

153 2141 302 2205 ieetivum
318 2142 539 2204 continuantur
556 2148 610 2205 aut
627 2142 863 2226 disiunguntur3
888 2163 944 2227 per
960 2163 1059 2205 unum
1075 2163 1200 2205 versum
1224 2140 1326 2204 distri·

154 2246 294 2311 buuntur
310 2254 365 2312 aut
387 2269 443 2334 per
459 2248 536 2311 duos
553 2249 606 2333 qui
622 2248 674 2312 vel
690 2249 771 2312 inter
792 2270 825 2312 se
842 2249 1002 2333 excipiunt
1018 2249 1069 2312 vel
1085 2247 1199 2332 quibus
1216 2248 1326 2311 tertius

154 2375 262 2418 versus
285 2355 486 2441 interpositus
511 2361 566 2420 est.
613 2355 757 2420 similiter
787 2362 880 2442 poeta
909 2356 984 2419 bina
1015 2357 1109 2442 plura
1131 2354 1327 2418 substantiva

153 2481 226 2523 cum
257 2461 390 2545 singulis
421 2462 581 2526 adiectivis
605 2469 660 2527 aut
689 2463 764 2526 bina
793 2463 887 2549 plura
910 2462 1065 2527 adieetiva
1097 2484 1169 2525 cum
1193 2460 1326 2544 siugulis

154 2568 357 2633 substantivis
382 2569 529 2651 conectit,
562 2570 621 2632 nisi
650 2570 733 2655 quod
765 2570 978 2656 copulationes
1010 2570 1054 2633 sic
1082 2570 1196 2633 dantur
1226 2566 1326 2629 multo

153 2675 269 2759 plures.
325 2695 400 2758 ergo
438 2676 594 2760 permulta
624 2677 712 2740 vides
742 2699 842 2741 nexus
873 2678 1056 2762 positusque
1091 2695 1209 2759 genera
1245 2692 1326 2757 quae

153 2781 279 2866 singula
309 2803 435 2845 neeesse
460 2790 507 2846 est
537 2784 662 2847 tractari
687 2784 844 2870 deinceps.
877 2806 913 2847 ac
936 2784 1073 2869 primum
1097 2779 1224 2865 quidem
1249 2778 1325 2840 mihi

154 2887 185 2951 in
210 2889 313 2952 auimo
338 2894 386 2952 cst
401 2911 495 2974 agere
512 2891 552 2954 de
569 2913 631 2954 uuo
648 2892 842 2955 substantivo
859 2892 992 2954 ducente
1009 2910 1107 2953 unum
1123 2887 1325 2968 adiectivum,

153 2994 267 3058 deinde
291 2995 330 3059 de
354 2996 548 3060 substantivo
573 2999 622 3061 cui
646 2998 739 3084 plura
762 2999 926 3079 adiectiva,
951 3003 1018 3060 tum
1041 2997 1081 3060 de
1105 2995 1257 3058 adiectivo
1275 2993 1326 3055 cui

154 3102 248 3189 plura
270 3105 436 3168 coniuncta
459 3112 531 3170 sunt
554 3105 760 3169 substantiva.
807 3112 839 3171 et
862 3106 998 3191 primum
1022 3103 1175 3190 proferam
1201 3099 1326 3163 ordines

152 3209 420 3274 substantivorum
444 3220 476 3275 ct
500 3212 726 3276 adiectivorum
751 3234 831 3297 quae
854 3233 936 3274 unus
960 3210 1184 3295 complectatur
1207 3227 1325 3289 versun,

154 3317 268 3380 deiude
301 3338 382 3402 quae
414 3340 471 3404 per
503 3320 580 3383 duos
604 3342 713 3384 versus
745 3316 924 3401 continuos,
958 3323 1025 3381 tum
1056 3336 1137 3401 quae
1160 3335 1216 3399 per
1249 3313 1327 3376 duos

77 3410 80 3415 ¹
154 3445 261 3488 versus
285 3425 378 3488 tertio
402 3426 584 3511 interposito
608 3428 669 3490 sint
693 3427 870 3490 distributa.

259 3533 340 3595 notis
357 3532 525 3596 verborum
548 3535 594 3597 uti
619 3535 695 3597 milri
719 3533 926 3598 concedesne
946 3553 1046 3615 usquc
1068 3548 1192 3614 quaque
1216 3526 1327 3590 eadem

154 3645 312 3725 repetam:

261 3744 393 3810 aAaA
417 3746 534 3810 indicat
550 3748 750 3830 adiectivum,
776 3747 884 3812 sSsS
905 3743 1144 3808 substantivum.
1174 3739 1329 3803 adiectiva

155 3859 187 3917 et
216 3853 413 3916 substantiva
444 3854 644 3917 cohaerentia
674 3855 785 3917 litteris
817 3853 957 3917 eiusdem
991 3850 1108 3914 formae
1139 3848 1329 3911 denotantur

155 3961 201 4043 (as
228 3959 282 4023 AS
315 3982 351 4022 as
382 3962 449 4043 Art)
482 3960 586 4044 idque¹
612 3961 722 4024 eodem
755 3982 817 4044 quo
850 3960 995 4043 legentur
1029 3957 1147 4019 ordine.
1195 3961 1230 4017 ut
1262 3974 1329 4016 rem

155 4124 268 4131 --.-
283 4124 368 4129 ..—

208 4208 236 4277 1)
256 4207 388 4261 adfinem
408 4207 552 4277 perducam
573 4207 786 4276 disputationem
807 4205 942 4274 particula
962 4204 1055 4259 altera.
